id,supplier,name,active,description,category,timestamp,usda_id,price_per_kg,price_per_unit,usda_weight_unit_g,weight_net_g,price_total,organic,origin,picture
wi235553,NL ah,La Rustichella Zwarte truffelolie met stukjes truffel 100 ml ,1,,Pasta. rijst. internationale keuken/Extra vierge met toevoegingen,,04053,124.9,,,100 ml,12.49,,,https://static.ah.nl/static/product/AHI_434d50313931393035_1_LowRes_JPG.JPG
wi414871,NL ah,Euroma Knoflook 32 g ,1,,Soepen. conserven. sauzen. smaakmakers/Knoflookpoeder,,11215,80,,,32 g,2.56,,,https://static.ahold.com/cmgtcontent/media//001777300/000/001777330_001_414871_708.jpg
wi195011,NL ah,Prins&Dingemanse Mosselkruiden 10 g ,1,,Vlees. kip. vis. vega/Mosselgroente,,15164,71,,,10 g,0.71,,,https://static.ah.nl/static/product/AHI_434d5039333438323137_1_LowRes_JPG.JPG
wi229541,NL ah,Lipton Green tea raspberry - pomegranate 20 stuks ,1,,Frisdrank. sappen. koffie. thee/Groene thee,,14190,69.64,,,20 stuks,1.95,,,https://static.ah.nl/static/product/AHI_434d5035313030363136_1_LowRes_JPG.JPG
wi227440,NL ah,English Tea Shop Green tea biologisch 20 stuks ,1,,Frisdrank. sappen. koffie. thee/Groene thee,,14190,66.5,,,20 stuks,2.66,,,https://static.ah.nl/static/product/AHI_434d50313637313133_2_LowRes_JPG.JPG
wi436433,NL ah,Euroma Zout kristallen 55 g ,1,,Soepen. conserven. sauzen. smaakmakers/Zeezout,,02047,65.27272727,,,55 g,3.59,,,https://static.ahold.com/cmgtcontent/media//001938600/000/001938604_002_436433_708.jpg
wi131982,NL ah,Drogheria Alimentari Knoflook & peper 35 g ,1,,Soepen. conserven. sauzen. smaakmakers/Knoflookpoeder,,11215,61.42857143,,,35 g,2.15,,,https://static.ahold.com/cmgtcontent/media//001542300/000/001542306_002_131982_708.jpg
wi438804,NL ah,Teamasters Blooming bohemian 60 g ,1,,Frisdrank. sappen. koffie. thee/Groene thee,,14190,59.83333333,,,60 g,3.59,,,https://static.ahold.com/cmgtcontent/media//001959400/000/001959462_001_438804_708.jpg
wi438805,NL ah,Teamasters Mediterranean sunshine 60 g ,1,,Frisdrank. sappen. koffie. thee/Groene thee,,14190,59.83333333,,,60 g,3.59,,,https://static.ahold.com/cmgtcontent/media//001959400/000/001959464_001_438805_708.jpg
wi169623,NL ah,Lipton Green tea lemon-melissa 20 stuks ,1,,Frisdrank. sappen. koffie. thee/Groene thee,,14190,59.06,,,20 stuks,1.89,,,https://static.ahold.com/cmgtcontent/media//001355600/000/001355694_002_169623_708.jpg
wi196085,NL ah,Twinings Groene jasmijn thee 25 stuks ,1,,Frisdrank. sappen. koffie. thee/Groene thee,,14190,57.8,,,25 stuks,2.89,,,https://static.ahold.com/cmgtcontent/media//001034300/000/001034322_002_196085_708.jpg
wi196084,NL ah,Twinings Groene thee/ citroen 25 stuks ,1,,Frisdrank. sappen. koffie. thee/Groene thee,,14190,57.8,,,25 stuks,2.89,,,https://static.ahold.com/cmgtcontent/media//001034300/000/001034320_002_196084_708.jpg
wi58339/,NL ah,AH Pijnboompitten 65 g ,1,,Soepen. conserven. sauzen. smaakmakers/Pijnboompitten,,12147,57.69230769,,,65 g,3.75,,,https://static.ah.nl/static/product/AHI_434d50303133303934_3_LowRes_JPG.JPG
wi104829,NL ah,AH Slaverrijker geroosterde pijnboompitten 40 g ,1,,Soepen. conserven. sauzen. smaakmakers/Pijnboompitten,,12147,57.25,,,40 g,2.29,,,https://static.ah.nl/static/product/AHI_434d5038353733373936_1_LowRes_JPG.JPG
wi225135,NL ah,Fish Tales Gerookte sockeye zalm 100 g ,1,,Vlees. kip. vis. vega/Gerookte zalm - stukken,,15077,55.9,,,100 g,5.59,,,https://static.ahold.com/cmgtcontent/media//001471900/000/001471958_003_225135_708.jpg
wi196716,NL ah,Lipton Green tea jasmine 20 stuks ,1,,Frisdrank. sappen. koffie. thee/Groene thee,,14190,55.59,,,20 stuks,1.89,,,https://static.ahold.com/cmgtcontent/media//001355700/000/001355706_002_196716_708.jpg
wi183248,NL ah,AH Salade pijnboompitten 30 g ,1,,Soepen. conserven. sauzen. smaakmakers/Pijnboompitten,,12147,53,,,30 g,1.59,,,https://static.ah.nl/static/product/AHI_434d50303234353936_2_LowRes_JPG.JPG
wi183846,NL ah,Pickwick Groene thee cranberry 20 stuks ,1,,Frisdrank. sappen. koffie. thee/Groene thee,,14190,53,,,20 stuks,1.59,,,https://static.ah.nl/static/product/AHI_434d50323032323839_2_LowRes_JPG.JPG
wi211064,NL ah,AH Biologisch Gerookte zalm 100 g ,1,,Vlees. kip. vis. vega/Gerookte zalm - stukken,,15077,51.3,,,100 g,5.13,,,https://static.ah.nl/static/product/AHI_434d50303832363532_5_LowRes_JPG.JPG
wi447711,NL ah,AH Sockeye zalm sandwichplakken 100 g ,1,,Vlees. kip. vis. vega/Verse zalm - stukjes,,15077,51.3,,,100 g,5.13,,,https://static.ah.nl/static/product/AHI_43545236323038383931_2_LowRes_JPG.JPG
wi166614,NL ah,AH Pijnboompitten 80 g ,1,,Soepen. conserven. sauzen. smaakmakers/Pijnboompitten,,12147,51.25,,,80 g,4.1,,,https://static.ah.nl/static/product/AHI_434d50303037353533_2_LowRes_JPG.JPG
wi453798,NL ah,Be Kind Granola peanut butter dark chocolat 40 g ,1,,Ontbijtgranen. broodbeleg. tussendoor/Pindakaas,,16398,49.75,,,40 g,1.99,,,
wi402456,NL ah,Fish Tales Keta gerookte zalm 100 g ,1,,Vlees. kip. vis. vega/Gerookte zalm - stukken,,15077,48.8,,,100 g,4.88,,,https://static.ahold.com/cmgtcontent/media//001616600/000/001616666_004_402456_708.jpg
wi130190,NL ah,AH Sandwich zalmplakken gerookt 100 g ,1,,Vlees. kip. vis. vega/Gerookte zalm - stukken,,15077,48.5,,,100 g,4.85,,,https://static.ah.nl/static/product/AHI_434d50383733383136_2_LowRes_JPG.JPG
wi191244,NL ah,Pickwick Groene thee pure 20 stuks ,1,,Frisdrank. sappen. koffie. thee/Groene thee,,14190,48.33,,,20 stuks,1.45,,,https://static.ah.nl/static/product/AHI_434d50323538393033_2_LowRes_JPG.JPG
wi195026,NL ah,AH Hollandse garnalen 100 g ,1,,Vlees. kip. vis. vega/Garnalen (vers),,15270,48.2,,,100 g,4.82,,,https://static.ah.nl/static/product/AHI_434d50303037373539_5_LowRes_JPG.JPG
wi118067,NL ah,AH Hollandse garnalen 200 g ,1,,Vlees. kip. vis. vega/Garnalen (vers),,15270,47.9,,,200 g,9.58,,,https://static.ah.nl/static/product/AHI_434d50313837343037_5_LowRes_JPG.JPG
wi433695,NL ah,Calvé Salademix kruiden knoflook 24 g ,1,,Soepen. conserven. sauzen. smaakmakers/Knoflookpoeder,,11215,46.66666667,,,24 g,1.12,,,https://static.ah.nl/static/product/AHI_434d5034383232383035_1_LowRes_JPG.JPG
wi216639,NL ah,Verstegen Strooier knoflook 50 g ,1,,Soepen. conserven. sauzen. smaakmakers/Knoflookpoeder,,11215,45.8,,,50 g,2.29,,,https://static.ahold.com/cmgtcontent/media//000981800/000/000981844_002_216639_708.jpg
wi385900,NL ah,Seamore Zeewiertagliatelle biologisch 115 g ,1,,Verse kant-en-klaar maaltijden. salades/Tagliatelli. fettucini. linguine (vers),,20420,44.60869565,,,115 g,5.13,,,https://static.ahold.com/cmgtcontent/media//001888400/000/001888478_001_385900_708.jpg
wi447710,NL ah,AH Gerookte zalm flame roasted 100 g ,1,,Vlees. kip. vis. vega/Verse zalm - stukjes,,15077,43.9,,,100 g,4.39,,,https://static.ah.nl/static/product/AHI_43545236323038383930_2_LowRes_JPG.JPG
wi445830,NL ah,AH Excellent Green tea gentle lemon 75 g ,1,,Frisdrank. sappen. koffie. thee/Groene thee,,14190,43.86666667,,,75 g,3.29,,,https://static.ahold.com/cmgtcontent/media//002047100/000/002047162_001_445830_708.jpg
wi425443,NL ah,Earth Control Organic pine nut kernels 100 g ,1,,Soepen. conserven. sauzen. smaakmakers/Pijnboompitten,,12147,43.5,,,100 g,4.35,,,https://static.ahold.com/cmgtcontent/media//001857400/000/001857430_001_425443_708.jpg
wi65767/,NL ah,Drogheria Alimentari Knoflook 50 g ,1,,Soepen. conserven. sauzen. smaakmakers/Knoflookpoeder,,11215,43,,,50 g,2.15,,,https://static.ahold.com/cmgtcontent/media//001284500/000/001284516_001_65767_708.jpg
wi185801,NL ah,AH Duurzame vangst sockeye zalm 100 g ,1,,Vlees. kip. vis. vega/Gerookte zalm - stukken,,15077,42.9,,,100 g,4.29,,,https://static.ah.nl/static/product/AHI_434d50313832343236_2_LowRes_JPG.JPG
wi376617,NL ah,AH Gerookte zalm (Gravad Lachs) 100 g ,1,,Vlees. kip. vis. vega/Gerookte zalm - stukken,,15077,41,,,100 g,4.1,,,https://static.ah.nl/static/product/AHI_43545236323039323633_1_LowRes_JPG.JPG
wi213751,NL ah,AH Zalm toastplakjes 130 g ,1,,Vlees. kip. vis. vega/Gerookte zalm - stukken,,15077,39.46153846,,,130 g,5.13,,,https://static.ah.nl/static/product/AHI_434d50303832353938_4_LowRes_JPG.JPG
wi166257,NL ah,AH Biologisch Garnalen 100 g ,1,,Vlees. kip. vis. vega/Garnalen (vers),,15270,39,,,100 g,3.9,,,https://static.ah.nl/static/product/AHI_434d50313438333239_3_LowRes_JPG.JPG
wi161609,NL ah,Quality Catch Hollandse garnalen 100 g ,1,,Vlees. kip. vis. vega/Garnalen (vers),,15270,39,,,100 g,3.9,,,https://static.ahold.com/cmgtcontent/media//001988600/000/001988614_001_161609_708.jpg
wi63782/,NL ah,Pickwick Groene thee lemon 20 stuks ,1,,Frisdrank. sappen. koffie. thee/Groene thee,,14190,38.75,,,20 stuks,1.55,,,https://static.ah.nl/static/product/AHI_4354525f36303931363435_1_LowRes_JPG.JPG
wi185786,NL ah,AH Biologisch Knoflook poeder 50 g ,1,,,,11215,36,,,50 g,1.8,,,https://static.ah.nl/static/product/AHI_434d50313937313631_1_LowRes_JPG.JPG
wi55671/,NL ah,AH Gerookte zalmblokjes 100 g ,1,,Vlees. kip. vis. vega/Gerookte zalm - stukken,,15077,35.9,,,100 g,3.59,,,https://static.ah.nl/static/product/AHI_434d50303035363936_4_LowRes_JPG.JPG
wi238656,NL ah,AH Biologisch Groene thee 20 stuks ,1,,Frisdrank. sappen. koffie. thee/Groene thee,,14190,34,,,20 stuks,1.02,,,https://static.ah.nl/static/product/AHI_434d50323030363232_1_LowRes_JPG.JPG
wi415609,NL ah,AH Pijnboompitten 150 g ,1,,Soepen. conserven. sauzen. smaakmakers/Pijnboompitten,,12147,32.86666667,,,150 g,4.93,,,https://static.ah.nl/static/product/AHI_43545236323332383034_1_LowRes_JPG.JPG
wi161651,NL ah,Camargue Le saunier fleur de sel 125 g ,1,,Soepen. conserven. sauzen. smaakmakers/Zout (diverse),,02047,32.8,,,125 g,4.1,,,https://static.ahold.com/cmgtcontent/media//001790900/000/001790942_001_161651_708.jpg
wi233479,NL ah,AH Salade flakes naturel 150 g ,1,,Vlees. kip. vis. vega/Gerookte zalm - stukken,,15077,32.53333333,,,150 g,4.88,,,https://static.ah.nl/static/product/AHI_434d50313830313330_5_LowRes_JPG.JPG
wi195960,NL ah,Pickwick Groene thee lemon 40 stuks ,1,,Frisdrank. sappen. koffie. thee/Groene thee,,14190,32,,,40 stuks,2.56,,,https://static.ah.nl/static/product/AHI_434d5034363633383034_1_LowRes_JPG.JPG
wi377317,NL ah,AH Biologisch Garnalen 225 g ,1,,Vlees. kip. vis. vega/Garnalen (diepvries),,15270,31.95555556,,,225 g,7.19,,,https://static.ah.nl/static/product/AHI_434d50323233353435_2_LowRes_JPG.JPG
wi164660,NL ah,AH Knoflookpoeder 48 g ,1,,Soepen. conserven. sauzen. smaakmakers/Knoflookpoeder,,11215,31.875,,,48 g,1.53,,,https://static.ah.nl/static/product/AHI_434d50363130303338_1_LowRes_JPG.JPG
wi414965,NL ah,Verstegen Zakje knoflookpoeder 45 g ,1,,Soepen. conserven. sauzen. smaakmakers/Knoflookpoeder,,11215,31.77777778,,,45 g,1.43,,,https://static.ahold.com/cmgtcontent/media//001779900/000/001779934_001_414965_708.jpg
wi195681,NL ah,Rio Mare Paté roze zalm 100 g ,1,,Soepen. conserven. sauzen. smaakmakers/Zalm (conserven),,15077,30.9,,,100 g,3.09,,,https://static.ah.nl/static/product/AHI_434d50303234353530_2_LowRes_JPG.JPG
wi133173,NL ah,AH Excellent Biefstuk ca. 300 g ,1,,Vlees. kip. vis. vega/Runderbiefstuk (vers),,23572,30.84,,300.00 g,ca. 300 g,6.94,,,https://static.ah.nl/static/product/AHI_434d50303038363138_5_LowRes_JPG.JPG
wi168829,NL ah,AH Gerookte zalmsnippers 200 g ,1,,Vlees. kip. vis. vega/Verse zalm - stukjes,,15077,30.8,,,200 g,6.16,,,https://static.ah.nl/static/product/AHI_434d50303035373233_4_LowRes_JPG.JPG
wi395373,NL ah,AH Grote garnalen 100 g ,1,,Vlees. kip. vis. vega/Garnalen (vers),,15270,30.8,,,100 g,3.08,,,https://static.ah.nl/static/product/AHI_434d50323534313030_3_LowRes_JPG.JPG
wi133174,NL ah,AH Excellent Ribeye ca. 300 g ,1,,Vlees. kip. vis. vega/Ribeye,,23572,30.63,,300.00 g,ca. 300 g,6.89,,,https://static.ah.nl/static/product/AHI_434d50303130393032_2_LowRes_JPG.JPG
wi111121,NL ah,AH Walnoten 50 g ,1,,Snoep. koek. chips/Walnoten (zakje),,12155,30.6,,,50 g,1.53,,,https://static.ah.nl/static/product/AHI_434d50323430313531_4_LowRes_JPG.JPG
wi436914,NL ah,AH Biologische kipfiletblokjes 140 g ,1,,Vlees. kip. vis. vega/Kipfilet - blokjes,,05314,30.35714286,,,140 g,4.25,,,https://static.ah.nl/static/product/AHI_434d5037383630383339_2_LowRes_JPG.JPG
wi415346,NL ah,AH Zalm gemarineerd à la minute citroen 220 g ,1,,Vlees. kip. vis. vega/Verse zalmfilet,,15077,30.31818182,,,220 g,6.67,,,https://static.ah.nl/static/product/AHI_434d50363130353739_2_LowRes_JPG.JPG
wi107686,NL ah,AH Groene aspergetips 100 g ,1,,Aardappel. groente. fruit/Groene asperges,,11011,29.9,,,100 g,2.99,,,https://static.ah.nl/static/product/AHI_434d50323835343833_1_LowRes_JPG.JPG
wi143094,NL ah,AH Excellent Entrecote ca. 300 g ,1,,Vlees. kip. vis. vega/Entrecote,,23572,29.81,,300.00 g,ca. 300 g,6.7,,,https://static.ah.nl/static/product/AHI_434d50303236383731_2_LowRes_JPG.JPG
wi410370,NL ah,Rio Mare Sardine filets in olio d'oliva 105 g ,1,,Soepen. conserven. sauzen. smaakmakers/Sardines (conserven),,15088,29.42857143,,,105 g,3.09,,,https://static.ahold.com/cmgtcontent/media//001692500/000/001692504_005_410370_708.jpg
wi410369,NL ah,Rio Mare Sardine filets peperoncino 105 g ,1,,Soepen. conserven. sauzen. smaakmakers/Sardines (conserven),,15088,29.42857143,,,105 g,3.09,,,https://static.ahold.com/cmgtcontent/media//001692500/000/001692502_005_410369_708.jpg
wi1793/j,NL ah,John West Wilde rode zalm MSC 105 g ,1,,Soepen. conserven. sauzen. smaakmakers/Zalm (conserven),,15077,28.47619048,,,105 g,2.99,,,https://static.ahold.com/cmgtcontent/media//001167100/000/001167164_003_1793_708.jpg
wi133292,NL ah,Beemster Garlic Kruidengemak knoflook 70 g ,1,,Aardappel. groente. fruit/Knoflook (in pot),,11215,28.42857143,,,70 g,1.99,,,https://static.ah.nl/static/product/AHI_434d50323536353535_1_LowRes_JPG.JPG
wi386080,NL ah,Rio Mare Gegrilde makreel extra vergine olijfolie 120 g ,1,,Soepen. conserven. sauzen. smaakmakers/Makreel (conserven),,15046,28.25,,,120 g,3.39,,,https://static.ah.nl/static/product/AHI_434d5036333137343332_1_LowRes_JPG.JPG
wi386074,NL ah,Rio Mare Gegrilde makreelfilet in water 120 g ,1,,Soepen. conserven. sauzen. smaakmakers/Makreel (conserven),,15046,28.25,,,120 g,3.39,,,https://static.ah.nl/static/product/AHI_434d503130313335383735_1_LowRes_JPG.JPG
wi410026,NL ah,Rio Mare Makreelfilet pikant 120 g ,1,,Soepen. conserven. sauzen. smaakmakers/Makreel (conserven),,15046,28.25,,,120 g,3.39,,,https://static.ahold.com/cmgtcontent/media//001689000/000/001689018_002_410026_708.jpg
wi187172,NL ah,AH Pecannoten gezouten 115 g ,1,,Snoep. koek. chips/Pecannoten (bakje),,12142,28.17391304,,,115 g,3.24,,,https://static.ah.nl/static/product/AHI_434d50323337303134_2_LowRes_JPG.JPG
wi140736,NL ah,AH Walnoten ongezouten 110 g ,1,,Snoep. koek. chips/Walnoten (bakje),,12155,27.90909091,,,110 g,3.07,,,https://static.ah.nl/static/product/AHI_434d50393837313737_1_LowRes_JPG.JPG
wi197740,NL ah,AH Pecannoten ongezouten 115 g ,1,,Snoep. koek. chips/Pecannoten (bakje),,12142,27.30434783,,,115 g,3.14,,,https://static.ah.nl/static/product/AHI_434d50363332323230_2_LowRes_JPG.JPG
wi437304,NL ah,John West Zalmstukjes met citroen en tijm MSC 110 g ,1,,Soepen. conserven. sauzen. smaakmakers/Zalm (conserven),,15077,27.18181818,,,110 g,2.99,,,https://static.ahold.com/cmgtcontent/media//001971400/000/001971464_001_437304_708.jpg
wi437303,NL ah,John West Zalmstukjes met dille MSC 110 g ,1,,Soepen. conserven. sauzen. smaakmakers/Zalm (conserven),,15077,27.18181818,,,110 g,2.99,,,https://static.ahold.com/cmgtcontent/media//001971400/000/001971462_001_437303_708.jpg
wi415351,NL ah,AH Roerbak garnalen knoflook 185 g ,1,,Vlees. kip. vis. vega/Garnalen (vers),,15270,26.97297297,,,185 g,4.99,,,https://static.ah.nl/static/product/AHI_434d50363131393331_2_LowRes_JPG.JPG
wi415352,NL ah,AH Roerbak garnalen naturel 185 g ,1,,Vlees. kip. vis. vega/Garnalen (vers),,15270,26.97297297,,,185 g,4.99,,,https://static.ah.nl/static/product/AHI_434d50363131393035_2_LowRes_JPG.JPG
wi67740/,NL ah,AH Garnalen 100 g ,1,,Vlees. kip. vis. vega/Garnalen (vers),,15270,26.9,,,100 g,2.69,,,https://static.ah.nl/static/product/AHI_434d50323534383836_4_LowRes_JPG.JPG
wi402038,NL ah,AH Zwarte tijgergarnalen 270 g ,1,,Vlees. kip. vis. vega/Garnalen (diepvries),,15270,26.62962963,,,270 g,7.19,,,https://static.ah.nl/static/product/AHI_434d50323638313534_1_LowRes_JPG.JPG
wi434489,NL ah,Iglo Atlantische zalmfilets 250 g ,1,,Vlees. kip. vis. vega/Zalm (diepvries),,15076,26.6,,,250 g,6.65,,,https://static.ahold.com/cmgtcontent/media//001913300/000/001913336_004_434489_708.jpg
wi414983,NL ah,Argal Trio Español 120 g ,1,,Vlees. kip. vis. vega/Worst (varkensvlees),,10972,26.58333333,,,120 g,3.19,,,https://static.ahold.com/cmgtcontent/media//001741400/000/001741414_004_414983_708.jpg
wi237282,NL ah,AH Kabeljauw 1 portie 130 g ,1,,Vlees. kip. vis. vega/Kabeljauw (vers),,15015,26.07692308,,,130 g,3.39,,,https://static.ah.nl/static/product/AHI_434d50363132333431_2_LowRes_JPG.JPG
wi53220/,NL ah,AH Cocktail garnalen 100 g ,1,,Vlees. kip. vis. vega/Garnalen (vers),,15270,25.9,,,100 g,2.59,,,https://static.ah.nl/static/product/AHI_434d5031373337313632_1_LowRes_JPG.JPG
wi415373,NL ah,AH garnalen 100 g ,1,,Vlees. kip. vis. vega/Garnalen (vers),,15270,25.9,,,100 g,2.59,,,https://static.ah.nl/static/product/AHI_434d50363131383436_1_LowRes_JPG.JPG
wi197741,NL ah,AH Notenmix pistache ongezouten 150 g ,1,,Snoep. koek. chips/Pistachenoten (bakje),,12151,25.26666667,,,150 g,3.79,,,https://static.ah.nl/static/product/AHI_434d50303331383632_2_LowRes_JPG.JPG
wi414741,NL ah,Super Choice Rauwe garnalen body peel 300 g ,1,,Vlees. kip. vis. vega/Garnalen (diepvries),,15270,25.2,,,300 g,7.56,,,https://static.ahold.com/cmgtcontent/media//001741400/000/001741418_004_414741_708.jpg
wi227593,NL ah,AH Ongebrande hazelnoten 175 g ,1,,Snoep. koek. chips/Hazelnoten (zakje),,12120,25.2,,,175 g,4.41,,,https://static.ah.nl/static/product/AHI_434d50313731323331_1_LowRes_JPG.JPG
wi238973,NL ah,AH Selderij 40 g ,1,,Soepen. conserven. sauzen. smaakmakers/Selderij (vers),,11143,25,,,40 g,1,,,https://static.ah.nl/static/product/AHI_434d50323032313734_3_LowRes_JPG.JPG
wi120876,NL ah,AH Biologisch Veldsla melange 100 g ,1,,Aardappel. groente. fruit/Veldsla,,11253,24.9,,,100 g,2.49,,,https://static.ah.nl/static/product/AHI_434d5034303735383236_2_LowRes_JPG.JPG
wi51335/,NL ah,AH Zalmfilet ca. 295 g ,1,,Vlees. kip. vis. vega/Verse zalmfilet,,15077,24.67,,295.00 g,ca. 295 g,5.99,,,https://static.ah.nl/static/product/AHI_434d50363130353935_1_LowRes_JPG.JPG
wi395374,NL ah,AH Cocktail garnalen 200 g ,1,,Vlees. kip. vis. vega/Garnalen (vers),,15270,24.65,,,200 g,4.93,,,https://static.ah.nl/static/product/AHI_434d50323534333933_2_LowRes_JPG.JPG
wi412929,NL ah,AH Ongebrande walnoten 110 g ,1,,Snoep. koek. chips/Walnoten (zakje),,12155,24.45454545,,,110 g,2.69,,,https://static.ah.nl/static/product/AHI_434d5034383234313233_1_LowRes_JPG.JPG
wi223391,NL ah,Rio Mare Tonijn in olijfolie pole & line MSC 160 g ,1,,Soepen. conserven. sauzen. smaakmakers/Tonijn in olijfolie,,15119,24.3125,,,160 g,3.89,,,https://static.ahold.com/cmgtcontent/media//001068000/000/001068062_003_223391_708.jpg
wi414738,NL ah,Super Choice Garnalen rauw gepeld 800 g ,1,,Vlees. kip. vis. vega/Garnalen (diepvries),,15270,24.2125,,,800 g,19.37,,,https://static.ahold.com/cmgtcontent/media//001741400/000/001741442_004_414738_708.jpg
wi437503,NL ah,Risenta Lasagnebladen van sojabonen biologisch 120 g ,1,,,,20420,23.91666667,,,120 g,2.87,,,https://static.ahold.com/cmgtcontent/media//001954300/000/001954358_001_437503_708.jpg
wi65765/,NL ah,Drogheria Alimentari Middellandse zeezout 90 g ,1,,Soepen. conserven. sauzen. smaakmakers/Zeezout,,02047,23.88888889,,,90 g,2.15,,,https://static.ah.nl/static/product/AHI_43545236323234303334_1_LowRes_JPG.JPG
wi425243,NL ah,AH Biologisch Veldsla 75 g ,1,,Aardappel. groente. fruit/Veldsla,,11253,23.86666667,,,75 g,1.79,,,https://static.ah.nl/static/product/AHI_434d5032333733333638_1_LowRes_JPG.JPG
wi197872,NL ah,Jozo Grof zeezout navulbare molen 100 g ,1,,Soepen. conserven. sauzen. smaakmakers/Zeezout,,02047,23.7,,,100 g,2.37,,,https://static.ahold.com/cmgtcontent/media//001812700/000/001812792_001_197872_708.jpg
wi373983,NL ah,Fish Tales Albacore tonijn in olijfolie 200 g ,1,,Soepen. conserven. sauzen. smaakmakers/Tonijn in olijfolie,,15119,23.6,,,200 g,4.72,,,https://static.ahold.com/cmgtcontent/media//001379700/000/001379746_002_373983_708.jpg
wi194159,NL ah,John West Wilde roze zalm zonder vel en graat MSC 170 g ,1,,Soepen. conserven. sauzen. smaakmakers/Zalm (conserven),,15077,23.47058824,,,170 g,3.99,,,https://static.ahold.com/cmgtcontent/media//001626200/000/001626284_001_194159_708.jpg
wi223389,NL ah,Rio Mare Tonijn in olijfolie 80 g ,1,,Soepen. conserven. sauzen. smaakmakers/Tonijn in olijfolie,,15119,23.125,,,80 g,1.85,,,https://static.ah.nl/static/product/AHI_434d50313534303639_1_LowRes_JPG.JPG
wi412931,NL ah,AH Ongebrande hazelnoten 190 g ,1,,Snoep. koek. chips/Hazelnoten (groot),,12120,23.10526316,,,190 g,4.39,,,https://static.ah.nl/static/product/AHI_434d5034383234313137_1_LowRes_JPG.JPG
76925STK,NL jumbo,Gerookte Zalm 200g,1,,Vlees. vis. vegetarisch,,15077,23.1,,,200 g,4.62,,,https://static-images.jumbo.com/product_images/76925STK-1_720x720.png
wi237284,NL ah,AH Kabeljauw 2 porties 260 g ,1,,Vlees. kip. vis. vega/Kabeljauw (vers),,15015,23.03846154,,,260 g,5.99,,,https://static.ah.nl/static/product/AHI_434d50363130353737_1_LowRes_JPG.JPG
wi233718,NL ah,Super Choice Butterfly shrimps 225 g ,1,,Vlees. kip. vis. vega/Garnalen (diepvries),,15270,22.8,,,225 g,5.13,,,https://static.ahold.com/cmgtcontent/media//001259300/000/001259350_002_233718_708.jpg
wi233722,NL ah,Super Choice Torpedo shrimps 225 g ,1,,Vlees. kip. vis. vega/Garnalen (diepvries),,15270,22.8,,,225 g,5.13,,,https://static.ahold.com/cmgtcontent/media//001259300/000/001259362_002_233722_708.jpg
wi57744/,NL ah,AH Pistachenoten gezouten 140 g ,1,,Snoep. koek. chips/Pistachenoten (bakje),,12151,22.78571429,,,140 g,3.19,,,https://static.ah.nl/static/product/AHI_434d50323337303132_2_LowRes_JPG.JPG
wi231985,NL ah,Morubel Tijgergarnaal staarten 1 kg ,1,,Vlees. kip. vis. vega/Garnalen (diepvries),,15270,22.57,,,1 kg,22.57,,,https://static.ah.nl/static/product/AHI_43545236363831373034_1_LowRes_JPG.JPG
wi231986,NL ah,Morubel Witpootgarnaal staarten 1 kg ,1,,Vlees. kip. vis. vega/Garnalen (diepvries),,15270,22.57,,,1 kg,22.57,,,https://static.ah.nl/static/product/AHI_434d50323733323739_1_LowRes_JPG.JPG
wi445475,NL ah,Iglo Natural fish burger zalm 170 g ,1,,Vlees. kip. vis. vega/Zalm (diepvries),,15076,22.29411765,,,170 g,3.79,,,https://static.ahold.com/cmgtcontent/media//002086900/000/002086914_005_445475_708.JPG
wi367237,NL ah,AH Sweet eve frambozen 140 g ,1,,Aardappel. groente. fruit/Frambozen (vers),,09302,22.07142857,,,140 g,3.09,,,https://static.ah.nl/static/product/AHI_434d50323039323537_7_LowRes_JPG.JPG
wi136373,NL ah,AH Wokgarnalen met knoflook en peterselie 400 g ,1,,Vlees. kip. vis. vega/Garnalen (diepvries),,15270,21.575,,,400 g,8.63,,,https://static.ah.nl/static/product/AHI_434d50303035343537_3_LowRes_JPG.JPG
wi227584,NL ah,AH Ongebrande amandelen 175 g ,1,,Snoep. koek. chips/Amandelen (zakje),,12061,21.42857143,,,175 g,3.75,,,https://static.ah.nl/static/product/AHI_434d50313731323039_1_LowRes_JPG.JPG
wi414739,NL ah,Super Choice Garnalenspies 240 g ,1,,Vlees. kip. vis. vega/Garnalen (diepvries),,15270,21.375,,,240 g,5.13,,,https://static.ahold.com/cmgtcontent/media//001741400/000/001741416_004_414739_708.jpg
wi104307,NL ah,Paturain Knoflook fijne kruiden light 125 g ,1,,Ontbijtgranen. broodbeleg. tussendoor/Roomkaas (kruiden),,01017,21.28,,,125 g,2.66,,,https://static.ahold.com/cmgtcontent/media//001747100/000/001747140_001_104307_708.jpg
wi436978,NL ah,AH Gekookte garnalen met kop naturel 170 g ,1,,Vlees. kip. vis. vega/Garnalen (vers),,15270,21.17647059,,,170 g,3.6,,,https://static.ah.nl/static/product/AHI_434d5037383630373730_2_LowRes_JPG.JPG
wi404140,NL ah,Puur Natuur Ongebrande cashewnoten bio 650 g ,1,,Snoep. koek. chips/Cashewnoten (groot),,12087,21.06153846,,,650 g,13.69,,,https://static.ah.nl/static/product/AHI_434d5032313632333035_1_LowRes_JPG.JPG
wi430883,NL ah,Galbani Mozzarella di Latte di Bufala maxi 200 g ,1,,Kaas. vleeswaren. delicatessen/Mozzarella,,43597,20.95,,,200 g,4.19,,,https://static.ahold.com/cmgtcontent/media//001930600/000/001930620_001_430883_708.jpg
wi417377,NL ah,AH Haring in dille MSC 120 g ,1,,Vlees. kip. vis. vega/Haring (vers),,15041,20.83333333,,,120 g,2.5,,,https://static.ah.nl/static/product/AHI_434d50363835313433_1_LowRes_JPG.JPG
204148CU,NL jumbo,Jumbo Amandelen Ongezouten 160g,1,,Koek. gebak. snoep. chips,,12061,20.5625,,,160 g,3.29,,,https://static-images.jumbo.com/product_images/190920182355_204148CUP-1_720x720.png
wi159574,NL ah,Rio Mare Tonijn in olijfolie 160 g ,1,,Soepen. conserven. sauzen. smaakmakers/Tonijn in olijfolie,,15119,20.5625,,,160 g,3.29,,,https://static.ah.nl/static/product/AHI_434d50323837303832_1_LowRes_JPG.JPG
wi447825,NL ah,AH Amandelen habanero 175 g ,1,,Snoep. koek. chips/Amandelen (bakje),,12061,20.51428571,,,175 g,3.59,,,https://static.ah.nl/static/product/AHI_43545236323039313335_1_LowRes_JPG.JPG
wi447829,NL ah,AH Amandelen smokehouse 175 g ,1,,Snoep. koek. chips/Amandelen (bakje),,12061,20.51428571,,,175 g,3.59,,,https://static.ah.nl/static/product/AHI_43545236323036373933_1_LowRes_JPG.JPG
wi447600,NL ah,AH Amandelen texas bbq 175 g ,1,,Snoep. koek. chips/Amandelen (bakje),,12061,20.51428571,,,175 g,3.59,,,https://static.ah.nl/static/product/AHI_43545236323036373934_1_LowRes_JPG.JPG
wi198018,NL ah,Rambol Nootmix 140 g ,1,,Ontbijtgranen. broodbeleg. tussendoor/Roomkaas (kruiden),,01017,20.5,,,140 g,2.87,,,https://static.ah.nl/static/product/AHI_434d50303136313338_2_LowRes_JPG.JPG
wi410260,NL ah,Fish Tales Sardines zonder vel-graat olijfolie msc 120 g ,1,,Soepen. conserven. sauzen. smaakmakers/Sardines (conserven),,15088,20.5,,,120 g,2.46,,,https://static.ahold.com/cmgtcontent/media//001689000/000/001689052_002_410260_708.jpg
wi410190,NL ah,Fish Tales Sardines zonder vel-graat tomaat msc 120 g ,1,,Soepen. conserven. sauzen. smaakmakers/Sardines (conserven),,15088,20.5,,,120 g,2.46,,,https://static.ahold.com/cmgtcontent/media//001689000/000/001689056_002_410190_708.jpg
wi223395,NL ah,Fish Tales Albacore tonijn in olijfolie MSC 80 g ,1,,Soepen. conserven. sauzen. smaakmakers/Tonijn in olijfolie,,15119,20.5,,,80 g,1.64,,,https://static.ahold.com/cmgtcontent/media//001233500/000/001233504_003_223395_708.jpg
wi231414,NL ah,AH Roerbak zalmblokjes 200 g ,1,,Vlees. kip. vis. vega/Verse zalm - stukjes,,15077,20.45,,,200 g,4.09,,,https://static.ah.nl/static/product/AHI_434d50363037373033_1_LowRes_JPG.JPG
wi38218/,NL ah,John West Wilde rode zalm MSC 213 g ,1,,Soepen. conserven. sauzen. smaakmakers/Zalm (conserven),,15077,20.42253521,,,213 g,4.35,,,https://static.ahold.com/cmgtcontent/media//001167200/000/001167232_003_38218_708.jpg
wi371594,NL ah,AH Cocktail garnalen 225 g ,1,,Vlees. kip. vis. vega/Garnalen (diepvries),,15270,20.04444444,,,225 g,4.51,,,https://static.ah.nl/static/product/AHI_434d50323234323532_1_LowRes_JPG.JPG
wi388475,NL ah,AH Zongerijpte granaatappelpitjes 100 g ,1,,Aardappel. groente. fruit/Granaatappel (vers),,09286,20,,,100 g,2,,,https://static.ah.nl/static/product/AHI_434d50363339343639_1_LowRes_JPG.JPG
wi416563,NL ah,AH Amandelen gezouten 190 g ,1,,Snoep. koek. chips/Amandelen (bakje),,12061,19.94736842,,,190 g,3.79,,,https://static.ah.nl/static/product/AHI_434d50363437323531_1_LowRes_JPG.JPG
wi111138,NL ah,AH Geroosterde amandelen 190 g ,1,,Snoep. koek. chips/Amandelen (bakje),,12061,19.94736842,,,190 g,3.79,,,https://static.ah.nl/static/product/AHI_434d50323134323734_3_LowRes_JPG.JPG
wi223421,NL ah,Galbani Mozzarella di latte di bufala mini 150 g ,1,,Kaas. vleeswaren. delicatessen/Mozzarella,,43597,19.93333333,,,150 g,2.99,,,https://static.ah.nl/static/product/AHI_434d503130323032303839_1_LowRes_JPG.JPG
wi186787,NL ah,Galbani Mozzarella di latte di bufala 125 g ,1,,Kaas. vleeswaren. delicatessen/Mozzarella,,43597,19.92,,,125 g,2.49,,,https://static.ahold.com/cmgtcontent/media//001747100/000/001747134_001_186787_708.jpg
wi132259,NL ah,Zanetti Mozzarella di bufala Campana 125 g ,1,,Kaas. vleeswaren. delicatessen/Mozzarella,,43597,19.92,,,125 g,2.49,,,https://static.ah.nl/static/product/AHI_434d50303430373931_1_LowRes_JPG.JPG
wi123865,NL ah,AH Zoete rode puntpaprika's 2 stuks ,1,,Aardappel. groente. fruit/Zoete puntpaprika,,11333,19.9,,,2 stuks,1.99,,,https://static.ah.nl/static/product/AHI_434d50303233343239_5_LowRes_JPG.JPG
wi238107,NL ah,John West Sardinefilets extra vierge olijfolie 95 g ,1,,Soepen. conserven. sauzen. smaakmakers/Sardines (conserven),,15088,19.89473684,,,95 g,1.89,,,https://static.ah.nl/static/product/AHI_434d50343738383738_1_LowRes_JPG.JPG
wi1969/p,NL ah,Paturain Knoflook fijne kruiden 60+ 90 g ,1,,Ontbijtgranen. broodbeleg. tussendoor/Roomkaas (kruiden),,01017,19.88888889,,,90 g,1.79,,,https://static.ah.nl/static/product/AHI_434d50363030353732_1_LowRes_JPG.JPG
wi376622,NL ah,AH Kabeljauwhaas 285 g ,1,,Vlees. kip. vis. vega/Kabeljauw (vers),,15015,19.85964912,,,285 g,5.66,,,https://static.ah.nl/static/product/AHI_434d50363130353831_1_LowRes_JPG.JPG
wi233451,NL ah,AH Verse vijgen 160 g ,1,,Aardappel. groente. fruit/Vijgen,,09089,19.6875,,,160 g,3.15,,,https://static.ah.nl/static/product/AHI_434d50323430333933_2_LowRes_JPG.JPG
wi238912,NL ah,AH Biologisch Buffelmozzarella 52+ 125 g ,1,,Kaas. vleeswaren. delicatessen/Mozzarella,,43597,19.68,,,125 g,2.46,,,https://static.ah.nl/static/product/AHI_434d50323032393133_1_LowRes_JPG.JPG
wi147649,NL ah,John West Vispaté zalm 125 g ,1,,Soepen. conserven. sauzen. smaakmakers/Zalm (conserven),,15077,19.6,,,125 g,2.45,,,https://static.ahold.com/cmgtcontent/media//001836600/000/001836698_001_147649_708.jpg
wi412791,NL ah,Duyvis Unsalted nutmix walnoot 125 g ,1,,Snoep. koek. chips/Walnoten (zakje),,12155,19.6,,,125 g,2.45,,,https://static.ah.nl/static/product/AHI_43545236313832363030_1_LowRes_JPG.JPG
wi229835,NL ah,John West Tonijnmoot vleugje olijfolie 120 g ,1,,Soepen. conserven. sauzen. smaakmakers/Tonijn in olijfolie,,15119,19.58333333,,,120 g,2.35,,,https://static.ah.nl/static/product/AHI_43545236343331353732_1_LowRes_JPG.JPG
wi219965,NL ah,Il Frantoio Antichi sapori olijfolie 500 ml ,1,,Pasta. rijst. internationale keuken/Extra vierge specialiteiten,,04053,19.52,,,500 ml,9.76,,,https://static.ah.nl/static/product/AHI_434d50313339363838_1_LowRes_JPG.JPG
wi381845,NL ah,AH Biologisch Cranberry's 225 g ,1,,Snoep. koek. chips/Cranberries (superfoods),,09078,19.51111111,,,225 g,4.39,,,https://static.ah.nl/static/product/AHI_434d50323534303737_1_LowRes_JPG.JPG
wi400399,NL ah,Fish Tales Skipjack tonijn olijf 142 g ,1,,Soepen. conserven. sauzen. smaakmakers/Tonijn in olijfolie,,15119,19.50704225,,,142 g,2.77,,,https://static.ahold.com/cmgtcontent/media//001597700/000/001597738_003_400399_708.jpg
wi397901,NL ah,AH Ongebrande pecannoten 200 g ,1,,Snoep. koek. chips/Pecannoten (zakje),,12142,19.5,,,200 g,3.9,,,https://static.ah.nl/static/product/AHI_434d50323539303630_1_LowRes_JPG.JPG
wi413609,NL ah,Whole Earth 3 Nut butter peanut pecan walnut 227 g ,1,,Ontbijtgranen. broodbeleg. tussendoor/Pindakaas,,16398,19.42731278,,,227 g,4.41,,,https://static.ahold.com/cmgtcontent/media//001732100/000/001732140_001_413609_708.jpg
wi404141,NL ah,Puur Natuur Ongebrande hazelnoten bio 650 g ,1,,Snoep. koek. chips/Hazelnoten (groot),,12120,19.36923077,,,650 g,12.59,,,https://static.ah.nl/static/product/AHI_434d50323732343439_1_LowRes_JPG.JPG
wi437308,NL ah,John West Petit sardines extra vergine 106 g ,1,,Soepen. conserven. sauzen. smaakmakers/Sardines (conserven),,15088,19.33962264,,,106 g,2.05,,,https://static.ahold.com/cmgtcontent/media//001980300/000/001980308_001_437308_708.jpg
wi437307,NL ah,John West Petit sardines Mediterraans 106 g ,1,,Soepen. conserven. sauzen. smaakmakers/Sardines (conserven),,15088,19.33962264,,,106 g,2.05,,,https://static.ahold.com/cmgtcontent/media//001980300/000/001980306_001_437307_708.jpg
wi97360/,NL ah,AH Cocktailgarnalen 450 g ,1,,Vlees. kip. vis. vega/Garnalen (diepvries),,15270,19.22222222,,,450 g,8.65,,,https://static.ah.nl/static/product/AHI_434d50303035353136_3_LowRes_JPG.JPG
wi238951,NL ah,Zanetti Burrata 150 g ,1,,Kaas. vleeswaren. delicatessen/Mozzarella,,43597,19.13333333,,,150 g,2.87,,,https://static.ah.nl/static/product/AHI_434d50323033393536_2_LowRes_JPG.JPG
wi216487,NL ah,Bertolli Extra vergine olijfolie-spray originale 200 ml ,1,,Pasta. rijst. internationale keuken/Extra vierge specialiteiten,,04053,18.95,,,200 ml,3.79,,,https://static.ahold.com/cmgtcontent/media//000979000/000/000979082_002_216487_708.jpg
wi216486,NL ah,Bertolli Olio di oliva olijfolie-spray cucina 200 ml ,1,,Pasta. rijst. internationale keuken/Extra vierge specialiteiten,,04053,18.95,,,200 ml,3.79,,,https://static.ahold.com/cmgtcontent/media//000979000/000/000979080_002_216486_708.jpg
wi217010,NL ah,AH Gepelde roze garnalen rauw 450 g ,1,,Vlees. kip. vis. vega/Garnalen (diepvries),,15270,18.71111111,,,450 g,8.42,,,https://static.ah.nl/static/product/AHI_434d50313233383734_3_LowRes_JPG.JPG
wi371595,NL ah,AH Rauwe en gepelde roze garnalen 225 g ,1,,Vlees. kip. vis. vega/Garnalen (diepvries),,15270,18.71111111,,,225 g,4.21,,,https://static.ah.nl/static/product/AHI_434d50323234333131_1_LowRes_JPG.JPG
wi410029,NL ah,Rio Mare Tonijn all'olio di oliva 240 g ,1,,Soepen. conserven. sauzen. smaakmakers/Tonijn in olijfolie,,15119,18.70833333,,,240 g,4.49,,,https://static.ah.nl/static/product/AHI_434d5035363531373436_1_LowRes_JPG.JPG
wi373989,NL ah,John West Makreelfilet extra vergine olijfolie MSC 85 g ,1,,Soepen. conserven. sauzen. smaakmakers/Makreel (conserven),,15046,18.70588235,,,85 g,1.59,,,https://static.ahold.com/cmgtcontent/media//001381100/000/001381136_002_373989_708.jpg
wi238104,NL ah,John West Makreelfilet in zonnebloemolie MSC 85 g ,1,,Soepen. conserven. sauzen. smaakmakers/Makreel (conserven),,15046,18.70588235,,,85 g,1.59,,,https://static.ahold.com/cmgtcontent/media//001267500/000/001267586_003_238104_708.jpg
wi238103,NL ah,John West Makreelfilet naturel MSC 85 g ,1,,Soepen. conserven. sauzen. smaakmakers/Makreel (conserven),,15046,18.70588235,,,85 g,1.59,,,https://static.ah.nl/static/product/AHI_434d50323436323739_1_LowRes_JPG.JPG
wi407084,NL ah,AH Babyvijgen in snackbeker 160 g ,1,,Aardappel. groente. fruit/Vijgen,,09089,18.6875,,,160 g,2.99,,,https://static.ah.nl/static/product/AHI_434d50323736323535_2_LowRes_JPG.JPG
wi238106,NL ah,John West Tonijnmoot in olijfolie MSC 145 g ,1,,Soepen. conserven. sauzen. smaakmakers/Tonijn in olijfolie,,15119,18.55172414,,,145 g,2.69,,,https://static.ahold.com/cmgtcontent/media//001267500/000/001267588_003_238106_708.jpg
wi135757,NL ah,AH Zalmfilet 250 g ,1,,Vlees. kip. vis. vega/Zalm (diepvries),,15076,18.48,,,250 g,4.62,,,https://static.ah.nl/static/product/AHI_434d50303036343335_5_LowRes_JPG.JPG
wi444851,NL ah,Boursin Zacht&romig basilicum&bieslook 125 g ,1,,Ontbijtgranen. broodbeleg. tussendoor/Roomkaas (kruiden),,01017,18.48,,,125 g,2.31,,,
wi410188,NL ah,Fish Tales Gerookte makreelfilet met peper msc 110 g ,1,,Soepen. conserven. sauzen. smaakmakers/Makreel (conserven),,15046,18.27272727,,,110 g,2.01,,,https://static.ahold.com/cmgtcontent/media//001698300/000/001698386_002_410188_708.jpg
wi183622,NL ah,Princes Rode zalm 213 g ,1,,Soepen. conserven. sauzen. smaakmakers/Zalm (conserven),,15077,18.07511737,,,213 g,3.85,,,https://static.ahold.com/cmgtcontent/media//001724400/000/001724462_001_183622_708.jpg
wi217653,NL ah,AH Geroosterde pistachenoten gezouten 150 g ,1,,Snoep. koek. chips/Pistachenoten (zakje),,12151,17.73333333,,,150 g,2.66,,,https://static.ah.nl/static/product/AHI_434d50313238343830_3_LowRes_JPG.JPG
wi383532,NL ah,AH Lams merguez chipolataworstjes 150 g ,1,,Vlees. kip. vis. vega/Worst (varkensvlees),,10972,17.73333333,,,150 g,2.66,,,https://static.ah.nl/static/product/AHI_434d50323431313534_6_LowRes_JPG.JPG
wi444854,NL ah,Boursin Zacht & romig garlic & herbs 125 g ,1,,Ontbijtgranen. broodbeleg. tussendoor/Roomkaas (kruiden),,01017,17.68,,,125 g,2.21,,,https://static.ahold.com/cmgtcontent/media//002021800/000/002021898_001_444854_708.jpg
wi194079,NL ah,AH Olijfolie truffelaroma 250 ml ,1,,Pasta. rijst. internationale keuken/Extra vierge met toevoegingen,,04053,17.64,,,250 ml,4.41,,,https://static.ah.nl/static/product/AHI_434d50303036333338_2_LowRes_JPG.JPG
wi166557,NL ah,Monini Extra vierge olijfolie met pesto 250 ml ,1,,Pasta. rijst. internationale keuken/Extra vierge met toevoegingen,,04053,17.64,,,250 ml,4.41,,,https://static.ah.nl/static/product/AHI_434d50303235373231_2_LowRes_JPG.JPG
wi198684,NL ah,Monini Olijfolie rosmarino 250 ml ,1,,Pasta. rijst. internationale keuken/Extra vierge met toevoegingen,,04053,17.64,,,250 ml,4.41,,,https://static.ahold.com/cmgtcontent/media//001167100/000/001167180_001_198684_708.jpg
wi401913,NL ah,AH Zongerijpte granaatappelpitjes 200 g ,1,,Aardappel. groente. fruit/Granaatappel (vers),,09286,17.5,,,200 g,3.5,,,https://static.ah.nl/static/product/AHI_434d50363339343738_1_LowRes_JPG.JPG
wi198688,NL ah,Monini Olijfolie I.G.P. Sicilië 500 ml ,1,,Pasta. rijst. internationale keuken/Extra vierge specialiteiten,,04053,17.46,,,500 ml,8.73,,,https://static.ah.nl/static/product/AHI_434d50303235373233_2_LowRes_JPG.JPG
wi164935,NL ah,Monini Olijfolie IGP Toscane 500 ml ,1,,Pasta. rijst. internationale keuken/Extra vierge specialiteiten,,04053,17.46,,,500 ml,8.73,,,https://static.ahold.com/cmgtcontent/media//001540100/000/001540124_001_164935_708.jpg
wi218744,NL ah,Heks'nkaas Origineel 150 g ,1,,Ontbijtgranen. broodbeleg. tussendoor/Roomkaas (kruiden),,01017,17.26666667,,,150 g,2.59,,,https://static.ah.nl/static/product/AHI_434d5031323639343538_1_LowRes_JPG.JPG
wi454170,NL ah,AH Biologisch Groene asperges 250 g ,1,,Aardappel. groente. fruit/Groene asperges,,11011,17.16,,,250 g,4.29,,,https://static.ah.nl/static/product/AHI_43545236373639373131_1_LowRes_JPG.JPG
wi403606,NL ah,AH Ongebrande cashewnoten 450 g ,1,,Snoep. koek. chips/Cashewnoten (groot),,12087,17.11111111,,,450 g,7.7,,,https://static.ah.nl/static/product/AHI_434d50323732343234_3_LowRes_JPG.JPG
wi434466,NL ah,Calvé Pindakaas stukjes amandel 210 g ,1,,Ontbijtgranen. broodbeleg. tussendoor/Pindakaas,,16398,17.0952381,,,210 g,3.59,,,https://static.ahold.com/cmgtcontent/media//001935200/000/001935294_001_434466_708.jpg
wi434464,NL ah,Calvé Pindakaas stukjes pecan 210 g ,1,,Ontbijtgranen. broodbeleg. tussendoor/Pindakaas,,16398,17.0952381,,,210 g,3.59,,,https://static.ahold.com/cmgtcontent/media//001935300/000/001935304_001_434464_708.jpg
wi375962,NL ah,AH Gerookte amandelen 150 g ,1,,Snoep. koek. chips/Amandelen (zakje),,12061,17.06666667,,,150 g,2.56,,,https://static.ah.nl/static/product/AHI_434d50323233383935_2_LowRes_JPG.JPG
wi212701,NL ah,Meesterstuk Culinaire rosbief 785 g ,1,,Vlees. kip. vis. vega/Rosbief (lappen),,23572,17.00636943,,,785 g,13.35,,,https://static.ah.nl/static/product/AHI_434d5034363030323237_1_LowRes_JPG.JPG
wi203861,NL ah,AH Frambozen voordeelverpakking 225 g ,1,,Aardappel. groente. fruit/Frambozen (vers),,09302,16.84444444,,,225 g,3.79,,,https://static.ah.nl/static/product/AHI_434d50303435363436_2_LowRes_JPG.JPG
wi440593,NL ah,Castellino Taggia olijven 180 g ,1,,Pasta. rijst. internationale keuken/Zwarte olijven,,09193,16.83333333,,,180 g,3.03,,,https://static.ahold.com/cmgtcontent/media//001983200/000/001983272_001_440593_708.jpg
wi437481,NL ah,AH Zalmfilet op huid 675 g ,1,,Vlees. kip. vis. vega/Zalm (diepvries),,15076,16.74074074,,,675 g,11.3,,,https://static.ah.nl/static/product/AHI_434d5038353731333337_2_LowRes_JPG.JPG
wi413380,NL ah,Heks'nkaas Boter groene kruiden 125 g ,1,,Ontbijtgranen. broodbeleg. tussendoor/Roomkaas (kruiden),,01017,16.72,,,125 g,2.09,,,https://static.ahold.com/cmgtcontent/media//001737400/000/001737400_003_413380_708.jpg
wi195445,NL ah,Rambol Smeltkaas met noten 125 g ,1,,Ontbijtgranen. broodbeleg. tussendoor/Roomkaas (kruiden),,01017,16.72,,,125 g,2.09,,,https://static.ahold.com/cmgtcontent/media//001560600/000/001560644_001_195445_708.jpg
wi197967,NL ah,AH Verse roomkaas met gember 125 g ,1,,Ontbijtgranen. broodbeleg. tussendoor/Roomkaas (kruiden),,01017,16.72,,,125 g,2.09,,,https://static.ah.nl/static/product/AHI_434d50303430373531_3_LowRes_JPG.JPG
wi439018,NL ah,AH Sweet Eve frambozen 400 g ,1,,Aardappel. groente. fruit/Frambozen (vers),,09302,16.675,,,400 g,6.67,,,https://static.ah.nl/static/product/AHI_434d5039333438323234_1_LowRes_JPG.JPG
wi417438,NL ah,AH Jalapeño gevuld met roomkaas 180 g ,1,,Ontbijtgranen. broodbeleg. tussendoor/Roomkaas (kruiden),,01017,16.66666667,,,180 g,3,,,https://static.ah.nl/static/product/AHI_434d50363835313438_1_LowRes_JPG.JPG
wi217280,NL ah,AH Roomkaas met bieslook 150 g ,1,,Ontbijtgranen. broodbeleg. tussendoor/Roomkaas (kruiden),,01017,16.66666667,,,150 g,2.5,,,https://static.ah.nl/static/product/AHI_434d50313236393236_3_LowRes_JPG.JPG
wi445407,NL ah,Heks'nkaas Roomtwist knoflook fijne kruiden 150 g ,1,,Ontbijtgranen. broodbeleg. tussendoor/Roomkaas (kruiden),,01017,16.6,,,150 g,2.49,,,https://static.ahold.com/cmgtcontent/media//002028000/000/002028026_001_445407_708.jpg
wi445003,NL ah,Heks'nkaas Roomtwist zoete chili 150 g ,1,,Ontbijtgranen. broodbeleg. tussendoor/Roomkaas (kruiden),,01017,16.6,,,150 g,2.49,,,https://static.ahold.com/cmgtcontent/media//002028000/000/002028016_001_445003_708.jpg
wi147376,NL ah,John West Tonijnstukken in olijfolie 145 g ,1,,Soepen. conserven. sauzen. smaakmakers/Tonijn in olijfolie,,15119,16.48275862,,,145 g,2.39,,,https://static.ah.nl/static/product/AHI_434d50343732393338_3_LowRes_JPG.JPG
207309ZK,NL jumbo,Jumbo Gamba's Vriesvers 400g,1,,Diepvries,,15270,16.475,,,400 g,6.59,,,https://static-images.jumbo.com/product_images/141220181819_207309ZK-1_720x720.png
wi118065,NL ah,Monini Olijfolie met citroenaroma 250 ml ,1,,Pasta. rijst. internationale keuken/Extra vierge met toevoegingen,,04053,16.4,,,250 ml,4.1,,,https://static.ah.nl/static/product/AHI_434d50303235373036_2_LowRes_JPG.JPG
wi445007,NL ah,AH Biologisch Roomkaas naturel 125 g ,1,,Ontbijtgranen. broodbeleg. tussendoor/Roomkaas (naturel),,01017,16.4,,,125 g,2.05,,,https://static.ah.nl/static/product/AHI_43545236313930363136_1_LowRes_JPG.JPG
wi170806,NL ah,AH Gerookte forelfilet 125 g ,1,,Vlees. kip. vis. vega/Gerookte forel. haring,,15240,16.4,,,125 g,2.05,,,https://static.ah.nl/static/product/AHI_434d50303035363831_5_LowRes_JPG.JPG
wi188816,NL ah,AH Roomkaas ananas 46+ plak 125 g ,1,,Ontbijtgranen. broodbeleg. tussendoor/Roomkaas (kruiden),,01017,16.4,,,125 g,2.05,,,https://static.ah.nl/static/product/AHI_434d50313738383333_5_LowRes_JPG.JPG
wi168432,NL ah,Duyvis Oven roasted amandelen 125 g ,1,,Snoep. koek. chips/Amandelen (zakje),,12061,16.4,,,125 g,2.05,,,https://static.ah.nl/static/product/AHI_4354525f36303330383436_1_LowRes_JPG.JPG
wi386221,NL ah,La Baleine Essentiel 125 g ,1,,Soepen. conserven. sauzen. smaakmakers/Zeezout,,02047,16.4,,,125 g,2.05,,,https://static.ahold.com/cmgtcontent/media//001483800/000/001483868_001_386221_708.jpg
wi233414,NL ah,Daregal Knoflook losgevroren 100 g ,1,,Soepen. conserven. sauzen. smaakmakers/Knoflook (diepvries),,11215,16.4,,,100 g,1.64,,,https://static.ahold.com/cmgtcontent/media//001273600/000/001273620_001_233414_708.jpg
wi365797,NL ah,Iliada Biologische extra vierge olijfolie 500 ml ,1,,Pasta. rijst. internationale keuken/Extra vierge dagelijks,,04053,16.36,,,500 ml,8.18,,,https://static.ahold.com/cmgtcontent/media//001300300/000/001300354_001_365797_708.jpg
wi410191,NL ah,Fish Tales Sardines in olijfolie met cit msc 120 g ,1,,Soepen. conserven. sauzen. smaakmakers/Sardines (conserven),,15088,16.16666667,,,120 g,1.94,,,https://static.ah.nl/static/product/AHI_434d50353933393239_1_LowRes_JPG.JPG
wi365666,NL ah,AH Kabeljauwhaasjes 250 g ,1,,Vlees. kip. vis. vega/Kabeljauw (diepvries),,15015,16,,,250 g,4,,,https://static.ah.nl/static/product/AHI_434d50323132353133_2_LowRes_JPG.JPG
wi97361/,NL ah,AH Reuzengarnalen rauw en ongepeld 450 g ,1,,Vlees. kip. vis. vega/Garnalen (diepvries),,15270,15.97777778,,,450 g,7.19,,,https://static.ah.nl/static/product/AHI_434d50303035373931_1_LowRes_JPG.JPG
wi437319,NL ah,Princes Tonijn moot in olijfolie MSC 160 g ,1,,Soepen. conserven. sauzen. smaakmakers/Tonijn in olijfolie,,15119,15.9375,,,160 g,2.55,,,https://static.ahold.com/cmgtcontent/media//001961800/000/001961822_001_437319_708.jpg
wi129138,NL ah,AH Frambozen 125 g ,1,,Aardappel. groente. fruit/Frambozen (vers),,09302,15.92,,,125 g,1.99,,,https://static.ah.nl/static/product/AHI_434d5031313531333139_1_LowRes_JPG.JPG
wi223396,NL ah,Fish Tales Roze zalm 213 g ,1,,Soepen. conserven. sauzen. smaakmakers/Zalm (conserven),,15077,15.8685446,,,213 g,3.38,,,https://static.ahold.com/cmgtcontent/media//001073800/000/001073808_005_223396_708.jpg
wi229834,NL ah,Fish Tales Skipjack tonijn in olijfolie 120 g ,1,,Soepen. conserven. sauzen. smaakmakers/Sardines (conserven),,15088,15.83333333,,,120 g,1.9,,,https://static.ahold.com/cmgtcontent/media//001201600/000/001201602_004_229834_708.jpg
wi226373,NL ah,Vache Bleue Pasta emmental-cheddar- talligiano 150 g ,1,,Pasta. rijst. internationale keuken/Spaghetti (houdbaar),,20420,15.66666667,,,150 g,2.35,,,https://static.ahold.com/cmgtcontent/media//001269300/000/001269352_002_226373_708.jpg
wi210295,NL ah,AH Roomkaas kruiden 125 g ,1,,Ontbijtgranen. broodbeleg. tussendoor/Roomkaas (kruiden),,01017,15.52,,,125 g,1.94,,,https://static.ah.nl/static/product/AHI_434d50303631343635_3_LowRes_JPG.JPG
wi183620,NL ah,Princes Roze zalm 213 g ,1,,Soepen. conserven. sauzen. smaakmakers/Zalm (conserven),,15077,15.44600939,,,213 g,3.29,,,https://static.ah.nl/static/product/AHI_434d5031303536313035_1_LowRes_JPG.JPG
wi452227,NL ah,Vivera Verse burger xxl 226 g ,1,,Vlees. kip. vis. vega/Hamburgers - varkensvlees (vers),,10972,15.44247788,,,226 g,3.49,,,https://static.ahold.com/cmgtcontent/media//002093800/000/002093858_003_452227_708.jpg
wi228583,NL ah,Mister Kitchen's Worst venkel-tijm 200 g ,1,,Vlees. kip. vis. vega/Worst (varkensvlees),,10972,15.4,,,200 g,3.08,,,https://static.ah.nl/static/product/AHI_434d5031313531333239_1_LowRes_JPG.JPG
wi227777,NL ah,Raw Organic Food Amandelen 200 g ,1,,Snoep. koek. chips/Amandelen (zakje),,12061,15.35,,,200 g,3.07,,,https://static.ah.nl/static/product/AHI_434d50313637323636_2_LowRes_JPG.JPG
wi171340,NL ah,John West Sardinesfilets zonnebloemolie 95 g ,1,,Soepen. conserven. sauzen. smaakmakers/Sardines (conserven),,15088,15.26315789,,,95 g,1.45,,,https://static.ahold.com/cmgtcontent/media//001381100/000/001381110_002_171340_708.jpg
wi211173,NL ah,AH Puntpaprika's mix 3 stuks ,1,,Aardappel. groente. fruit/Zoete puntpaprika,,11333,15.2,,,3 stuks,2.66,,,https://static.ah.nl/static/product/AHI_434d50323431343632_2_LowRes_JPG.JPG
wi439479,NL ah,Philadelphia Knoflook en kruiden kleinverpakking 115 g ,1,,Ontbijtgranen. broodbeleg. tussendoor/Roomkaas (naturel),,01017,15.13043478,,,115 g,1.74,,,https://static.ah.nl/static/product/AHI_4354525f36303638353336_2_LowRes_JPG.JPG
wi439391,NL ah,Philadelphia Naturel kleinverpakking 115 g ,1,,Ontbijtgranen. broodbeleg. tussendoor/Roomkaas (naturel),,01017,15.13043478,,,115 g,1.74,,,https://static.ahold.com/cmgtcontent/media//001969500/000/001969514_002_439391_708.jpg
wi435893,NL ah,Bonduelle Quinoa 120 g ,1,,Pasta. rijst. internationale keuken/Quinoa,,20035,15,,,120 g,1.8,,,https://static.ahold.com/cmgtcontent/media//001929800/000/001929892_001_435893_708.jpg
wi430878,NL ah,Boursin Basilicum / pijnboompitten 150 g ,1,,Ontbijtgranen. broodbeleg. tussendoor/Roomkaas (kruiden),,01017,15,,,150 g,2.25,,,https://static.ahold.com/cmgtcontent/media//001913400/000/001913408_002_430878_708.jpg
wi213546,NL ah,Boursin Sjalot & bieslook 150 g ,1,,Ontbijtgranen. broodbeleg. tussendoor/Roomkaas (kruiden),,01017,15,,,150 g,2.25,,,https://static.ahold.com/cmgtcontent/media//001233300/000/001233300_003_213546_708.jpg
73205PAK,NL jumbo,Jumbo Verse Vijgen 4 Stuks,1,,Fruit,,09089,14.95,,200.00 g,0,2.99,,,https://static-images.jumbo.com/product_images/121120182205_73205PAK-1_720x720.png
wi444858,NL ah,Violife Mozzarella 200 g ,1,,Kaas. vleeswaren. delicatessen/Mozzarella,,43597,14.85,,,200 g,2.97,,,https://static.ahold.com/cmgtcontent/media//002021900/000/002021906_001_444858_708.jpg
wi163558,NL ah,AH Excellent Olijfolie frisse citroen 250 ml ,1,,Pasta. rijst. internationale keuken/Extra vierge met toevoegingen,,04053,14.76,,,250 ml,3.69,,,https://static.ah.nl/static/product/AHI_434d50303038323039_1_LowRes_JPG.JPG
wi123347,NL ah,AH Excellent Olijfolie knoflook-chilipeper 250 ml ,1,,Pasta. rijst. internationale keuken/Extra vierge met toevoegingen,,04053,14.76,,,250 ml,3.69,,,https://static.ah.nl/static/product/AHI_434d5034303830333031_1_LowRes_JPG.JPG
wi238911,NL ah,AH Biologisch Mozzarella 125 g ,1,,Kaas. vleeswaren. delicatessen/Mozzarella,,43597,14.72,,,125 g,1.84,,,https://static.ah.nl/static/product/AHI_434d50323033323838_2_LowRes_JPG.JPG
wi412526,NL ah,BioToday Granola rode biet 350 g ,1,,,,08037,14.65714286,,,350 g,5.13,,,https://static.ahold.com/cmgtcontent/media//001734000/000/001734060_001_412526_708.jpg
wi223397,NL ah,Fish Tales Sardines in water MSC 120 g ,1,,Soepen. conserven. sauzen. smaakmakers/Sardines (conserven),,15088,14.5,,,120 g,1.74,,,https://static.ahold.com/cmgtcontent/media//001233500/000/001233506_005_223397_708.jpg
wi177082,NL ah,John West Gegrilde sardines naturel MSC 100 g ,1,,Soepen. conserven. sauzen. smaakmakers/Sardines (conserven),,15088,14.5,,,100 g,1.45,,,https://static.ah.nl/static/product/AHI_434d50303234353433_2_LowRes_JPG.JPG
wi385487,NL ah,AH Gemarineerde Italiaanse kipfiletblokjes ,1,,Vlees. kip. vis. vega/Kipfilet - blokjes,,05314,14.43,,,0,4.69,,,https://static.ah.nl/static/product/AHI_434d50323433383833_2_LowRes_JPG.JPG
wi385486,NL ah,AH Gemarineerde Thaise kipfiletblokjes ,1,,Vlees. kip. vis. vega/Kipfilet - blokjes,,05314,14.43,,,0,4.69,,,https://static.ah.nl/static/product/AHI_434d50323433383832_2_LowRes_JPG.JPG
wi404125,NL ah,Duyvis Ongezouten amandelen 125 g ,1,,Snoep. koek. chips/Amandelen (zakje),,12061,14.4,,,125 g,1.8,,,https://static.ah.nl/static/product/AHI_434d50363131393232_3_LowRes_JPG.JPG
wi188032,NL ah,AH Scharrel kipfiletreepjes ca. 320 g ,1,,Vlees. kip. vis. vega/Kipfilet - reepjes,,05314,14.39,,320.00 g,ca. 320 g,4.6,,,https://static.ah.nl/static/product/AHI_434d50323738323437_1_LowRes_JPG.JPG
wi381964,NL ah,La Tourangelle Huile d'olive vierge extra 500 ml ,1,,Pasta. rijst. internationale keuken/Extra vierge specialiteiten,,04053,14.38,,,500 ml,7.19,,,https://static.ahold.com/cmgtcontent/media//001433000/000/001433052_001_381964_708.jpg
wi412528,NL ah,BioToday Granola matcha limoen 350 g ,1,,,,08037,14.37142857,,,350 g,5.03,,,https://static.ahold.com/cmgtcontent/media//001734000/000/001734058_001_412528_708.jpg
wi437499,NL ah,Risenta Fettuccine van sojabonen biologisch 200 g ,1,,,,20420,14.35,,,200 g,2.87,,,https://static.ahold.com/cmgtcontent/media//001954300/000/001954356_001_437499_708.jpg
wi437494,NL ah,Risenta Spaghetti van sojabonen biologisch 200 g ,1,,,,20420,14.35,,,200 g,2.87,,,https://static.ahold.com/cmgtcontent/media//001954300/000/001954354_001_437494_708.jpg
wi1983/b,NL ah,Boursin Knoflook & kruiden 150 g ,1,,Ontbijtgranen. broodbeleg. tussendoor/Roomkaas (kruiden),,01017,14.33333333,,,150 g,2.15,,,https://static.ah.nl/static/product/AHI_4354525f36303637363235_1_LowRes_JPG.JPG
wi397907,NL ah,AH Ongebrande walnoten 200 g ,1,,Snoep. koek. chips/Walnoten (zakje),,12155,14.25,,,200 g,2.85,,,https://static.ah.nl/static/product/AHI_434d50323539303532_1_LowRes_JPG.JPG
wi213365,NL ah,Heks'nkaas Origineel 200 g ,1,,Ontbijtgranen. broodbeleg. tussendoor/Roomkaas (kruiden),,01017,14.25,,,200 g,2.85,,,https://static.ah.nl/static/product/AHI_434d5034303735333836_1_LowRes_JPG.JPG
wi439481,NL ah,Philadelphia Greek style 175 g ,1,,Ontbijtgranen. broodbeleg. tussendoor/Roomkaas (naturel),,01017,14.05714286,,,175 g,2.46,,,https://static.ahold.com/cmgtcontent/media//001969500/000/001969526_002_439481_708.jpg
wi416540,NL ah,Sacla Grilled mushrooms 190 g ,1,,Soepen. conserven. sauzen. smaakmakers/Champignons (conserven),,11260,14,,,190 g,2.66,,,https://static.ahold.com/cmgtcontent/media//001779900/000/001779904_001_416540_708.jpg
wi429755,NL ah,Bertolli Olijfolie extra vergine bio 500 ml ,1,,Pasta. rijst. internationale keuken/Extra vierge dagelijks,,04053,13.96,,,500 ml,6.98,,,https://static.ahold.com/cmgtcontent/media//001889400/000/001889426_001_429755_708.jpg
wi429752,NL ah,Bertolli Olijfolie classico 250 ml ,1,,Pasta. rijst. internationale keuken/Olijfolie basis,,04053,13.96,,,250 ml,3.49,,,https://static.ahold.com/cmgtcontent/media//001889400/000/001889420_001_429752_708.jpg
wi397513,NL ah,AH Excellent Rundergehakt 250 g ,1,,Vlees. kip. vis. vega/Rundergehakt,,23572,13.96,,,250 g,3.49,,,https://static.ah.nl/static/product/AHI_434d50323632303434_3_LowRes_JPG.JPG
wi429628,NL ah,Arla Biologische roomboter ongezouten 200 g ,1,,Zuivel. eieren/Ongezouten roomboter,,01145,13.95,,,200 g,2.79,,,https://static.ahold.com/cmgtcontent/media//001903600/000/001903670_002_429628_708.jpg
wi163826,NL ah,Galbani Mozzarella mini 150 g ,1,,Kaas. vleeswaren. delicatessen/Mozzarella,,43597,13.93333333,,,150 g,2.09,,,https://static.ah.nl/static/product/AHI_434d503130313335383630_1_LowRes_JPG.JPG
wi410372,NL ah,Princes Makreelfilets in olijfolie 125 g ,1,,Soepen. conserven. sauzen. smaakmakers/Makreel (conserven),,15046,13.92,,,125 g,1.74,,,https://static.ahold.com/cmgtcontent/media//001702800/000/001702882_001_410372_708.jpg
wi224710,NL ah,AH Babyspinazie 100 g ,1,,Aardappel. groente. fruit/Spinazie (vers),,11457,13.9,,,100 g,1.39,,,https://static.ah.nl/static/product/AHI_434d50353834343234_2_LowRes_JPG.JPG
wi166449,NL ah,AH Mini hamburgers 250 g ,1,,Vlees. kip. vis. vega/Hamburger (vers),,23572,13.76,,,250 g,3.44,,,https://static.ah.nl/static/product/AHI_434d50313331373532_2_LowRes_JPG.JPG
wi211055,NL ah,John West Gerookte makreelfilet zonnebloemolie MSC 145 g ,1,,Soepen. conserven. sauzen. smaakmakers/Makreel (conserven),,15046,13.72413793,,,145 g,1.99,,,https://static.ah.nl/static/product/AHI_43545236313834333033_1_LowRes_JPG.JPG
190616ZK,NL jumbo,Jumbo Sojaboontjes Groente Variatie 175g,1,,Groente,,16108,13.71428571,,,175 g,2.4,,,https://static-images.jumbo.com/product_images/190616ZK-1_720x720.png
wi434493,NL ah,Calvé Pindakaas karamel zeezout 210 g ,1,,Ontbijtgranen. broodbeleg. tussendoor/Pindakaas,,16398,13.66666667,,,210 g,2.87,,,https://static.ah.nl/static/product/AHI_434d5038323935373331_2_LowRes_JPG.JPG
wi434468,NL ah,Calvé Pindakaas speculaas 210 g ,1,,Ontbijtgranen. broodbeleg. tussendoor/Pindakaas,,16398,13.66666667,,,210 g,2.87,,,https://static.ahold.com/cmgtcontent/media//001927200/000/001927234_002_434468_708.jpg
wi430880,NL ah,Galbani Freschetto pesto 150 g ,1,,Kaas. vleeswaren. delicatessen/Mozzarella,,43597,13.66666667,,,150 g,2.05,,,https://static.ahold.com/cmgtcontent/media//001911100/000/001911124_001_430880_708.jpg
wi421225,NL ah,AH Kipdijfilet flakes kebab 225 g ,1,,Vlees. kip. vis. vega/Kipfilet - blokjes,,05314,13.64444444,,,225 g,3.07,,,https://static.ah.nl/static/product/AHI_434d50383237313831_1_LowRes_JPG.JPG
wi421226,NL ah,AH Kipdijfilet flakes Marokkaans 225 g ,1,,Vlees. kip. vis. vega/Kipfilet - blokjes,,05314,13.64444444,,,225 g,3.07,,,https://static.ah.nl/static/product/AHI_434d50373437373331_1_LowRes_JPG.JPG
wi383152,NL ah,AH Kalkoenfilet blokjes 300 g ,1,,Vlees. kip. vis. vega/Kalkoen - blokjes,,05167,13.63333333,,,300 g,4.09,,,https://static.ah.nl/static/product/AHI_434d50323335303335_5_LowRes_JPG.JPG
wi161587,NL ah,AH BASIC Pistachenoten 250 g ,1,,Snoep. koek. chips/Pistachenoten (zakje),,12151,13.56,,,250 g,3.39,,,https://static.ah.nl/static/product/AHI_434d50303739323436_1_LowRes_JPG.JPG
wi123832,NL ah,AH Magere runderbraadlap Iers ca. 700 g ,1,,Vlees. kip. vis. vega/Runderlappen,,23572,13.52,,700.00 g,ca. 700 g,9.46,,,https://static.ah.nl/static/product/AHI_434d50313331383037_4_LowRes_JPG.JPG
wi123348,NL ah,AH Excellent Olijfolie basilicum 250 ml ,1,,Pasta. rijst. internationale keuken/Extra vierge met toevoegingen,,04053,13.52,,,250 ml,3.38,,,https://static.ah.nl/static/product/AHI_434d50303038323036_1_LowRes_JPG.JPG
wi128420,NL ah,Galbani Mozzarella light 125 g ,1,,Kaas. vleeswaren. delicatessen/Mozzarella,,43597,13.52,,,125 g,1.69,,,https://static.ahold.com/cmgtcontent/media//001747100/000/001747138_001_128420_708.jpg
wi133879,NL ah,Princes Tonijnmoot in olijfolie 160 g ,1,,Soepen. conserven. sauzen. smaakmakers/Tonijn in olijfolie,,15119,13.4375,,,160 g,2.15,,,https://static.ah.nl/static/product/AHI_434d50303532383838_2_LowRes_JPG.JPG
wi188854,NL ah,Paturain Kruiden 165 g ,1,,Ontbijtgranen. broodbeleg. tussendoor/Roomkaas (kruiden),,01017,13.39393939,,,165 g,2.21,,,https://static.ahold.com/cmgtcontent/media//001404500/000/001404528_002_188854_708.jpg
wi192042,NL ah,AH Greenfields steak tartaar 230 g ,1,,Vlees. kip. vis. vega/Hamburger (vers),,23572,13.39130435,,,230 g,3.08,,,https://static.ah.nl/static/product/AHI_434d5037303930333030_1_LowRes_JPG.JPG
wi365814,NL ah,Filippo Berio Gold olive oil extra vierge bio 500 ml ,1,,Pasta. rijst. internationale keuken/Extra vierge specialiteiten,,04053,13.34,,,500 ml,6.67,,,https://static.ahold.com/cmgtcontent/media//001392900/000/001392956_001_365814_708.jpg
wi198717,NL ah,Monini Bios organic extra virgin olive oil 500 ml ,1,,Pasta. rijst. internationale keuken/Extra vierge dagelijks,,04053,13.34,,,500 ml,6.67,,,https://static.ah.nl/static/product/AHI_434d5037383538333839_1_LowRes_JPG.JPG
wi397445,NL ah,AH Excellent Hereford burger 270 g ,1,,Vlees. kip. vis. vega/Hamburger (vers),,23572,13.33333333,,,270 g,3.6,,,https://static.ah.nl/static/product/AHI_434d50323632303233_1_LowRes_JPG.JPG
wi397446,NL ah,AH Excellent Simmentaler burger 270 g ,1,,Vlees. kip. vis. vega/Hamburger (vers),,23572,13.33333333,,,270 g,3.6,,,https://static.ah.nl/static/product/AHI_434d50323632303332_1_LowRes_JPG.JPG
wi232208,NL ah,AH Varkenshaas ca. 540 g ,1,,Vlees. kip. vis. vega/Varkenshaas (vers),,10972,13.32,,540.00 g,ca. 540 g,5.39,,,https://static.ah.nl/static/product/AHI_434d50323139383036_1_LowRes_JPG.JPG
wi4044/a,NL ah,AH Varkenshaas ca. 270 g ,1,,Vlees. kip. vis. vega/Varkenshaas (vers),,10972,13.32,,270.00 g,ca. 270 g,2.7,,,https://static.ah.nl/static/product/AHI_434d50313331383039_9_LowRes_JPG.JPG
wi407378,NL ah,AH Gepelde biefstuk 1 kg ,1,,Vlees. kip. vis. vega/Runderbiefstuk (vers),,23572,13.32,,,1 kg,13.32,,,https://static.ah.nl/static/product/AHI_434d50323632333335_3_LowRes_JPG.JPG
wi386811,NL ah,AH Ardeense vinken 3 stuks ,1,,Vlees. kip. vis. vega/Vlees (varken),,10972,13.31,,,3 stuks,4.99,,,https://static.ah.nl/static/product/AHI_43545236313939363730_1_LowRes_JPG.JPG
wi183288,NL ah,AH Olijfolie spray extra vierge 200 ml ,1,,Pasta. rijst. internationale keuken/Extra vierge met toevoegingen,,04053,13.3,,,200 ml,2.66,,,https://static.ah.nl/static/product/AHI_434d50303235373131_2_LowRes_JPG.JPG
wi442839,NL ah,No Fairytales Paprika chili tortilla 200 g ,1,,Pasta. rijst. internationale keuken/Tortilla. wrap. burrito,,18450,13.3,,,200 g,2.66,,,https://static.ah.nl/static/product/AHI_43545236313337373531_1_LowRes_JPG.JPG
wi414979,NL ah,Verstegen Zakje zeezout 100 g ,1,,Soepen. conserven. sauzen. smaakmakers/Zeezout,,02047,13.3,,,100 g,1.33,,,https://static.ahold.com/cmgtcontent/media//001787600/000/001787628_001_414979_708.jpg
wi187593,NL ah,AH Greenfields jalapeño burger 270 g ,1,,Vlees. kip. vis. vega/Hamburger (vers),,23572,13.2962963,,,270 g,3.59,,,https://static.ah.nl/static/product/AHI_434d50303736303837_10_LowRes_JPG.JPG
wi188827,NL ah,AH Kruidenkaas light 125 g ,1,,Ontbijtgranen. broodbeleg. tussendoor/Roomkaas light,,01017,13.12,,,125 g,1.64,,,https://static.ah.nl/static/product/AHI_434d50303430363430_3_LowRes_JPG.JPG
wi202101,NL ah,AH Roomkaas ananas 125 g ,1,,Ontbijtgranen. broodbeleg. tussendoor/Roomkaas (kruiden),,01017,13.12,,,125 g,1.64,,,https://static.ah.nl/static/product/AHI_434d50393038393735_1_LowRes_JPG.JPG
wi212700,NL ah,Meesterstuk Culinaire beenham met honing 785 g ,1,,Vlees. kip. vis. vega/Beenham (stukvlees),,10972,13.07006369,,,785 g,10.26,,,https://static.ahold.com/cmgtcontent/media//000943300/000/000943382_001_212700_80.jpg
wi437504,NL ah,Burrata di Bufala campana 52+ 235 g ,1,,Kaas. vleeswaren. delicatessen/Mozzarella,,43597,13.06382979,,,235 g,3.07,,,https://static.ah.nl/static/product/AHI_434d5039323934343836_1_LowRes_JPG.JPG
wi235203,NL ah,AH Biologisch Spinazie 200 g ,1,,Aardappel. groente. fruit/Spinazie (vers),,11457,12.95,,,200 g,2.59,,,https://static.ah.nl/static/product/AHI_434d5034303735383133_3_LowRes_JPG.JPG
wi395963,NL ah,AH Paddenstoelenmix paprika  ui en bieslook 200 g ,1,,Aardappel. groente. fruit/Champignons (vers),,11260,12.95,,,200 g,2.59,,,https://static.ah.nl/static/product/AHI_434d50323630383538_3_LowRes_JPG.JPG
wi430671,NL ah,Tosti kaas Mozzarella plak 150 g ,1,,Kaas. vleeswaren. delicatessen/Mozzarella,,43597,12.93333333,,,150 g,1.94,,,https://static.ah.nl/static/product/AHI_434d5037303236373437_1_LowRes_JPG.JPG
wi386810,NL ah,AH Blinde vinken 3 stuks ,1,,Vlees. kip. vis. vega/Vlees (varken),,10972,12.93,,,3 stuks,4.85,,,https://static.ah.nl/static/product/AHI_43545236313939363638_1_LowRes_JPG.JPG
wi383505,NL ah,AH Excellent Black Angus burger 270 g ,1,,Vlees. kip. vis. vega/Hamburger (vers),,23572,12.92592593,,,270 g,3.49,,,https://static.ah.nl/static/product/AHI_434d50323431313535_3_LowRes_JPG.JPG
wi187594,NL ah,AH Greenfields beefburger 270 g ,1,,Vlees. kip. vis. vega/Hamburger (vers),,23572,12.92592593,,,270 g,3.49,,,https://static.ah.nl/static/product/AHI_434d50303438323235_8_LowRes_JPG.JPG
wi217150,NL ah,AH Greenfields Beefburger stroganoff 270 g ,1,,Vlees. kip. vis. vega/Hamburger (vers),,23572,12.92592593,,,270 g,3.49,,,https://static.ah.nl/static/product/AHI_434d50313237363530_7_LowRes_JPG.JPG
wi187595,NL ah,AH Greenfields beefburger tomaat 270 g ,1,,Vlees. kip. vis. vega/Hamburger (vers),,23572,12.92592593,,,270 g,3.49,,,https://static.ah.nl/static/product/AHI_434d50303533303031_12_LowRes_JPG.JPG
wi122302,NL ah,Go-Tan Gehakte knoflook 100 g ,1,,Aardappel. groente. fruit/Knoflook (in pot),,11215,12.9,,,100 g,1.29,,,https://static.ahold.com/cmgtcontent/media//001237300/000/001237336_001_122302_708.jpg
wi397448,NL ah,AH Excellent Runderbraadworst ras el hanout 200 g ,1,,Vlees. kip. vis. vega/Worst (rundvlees),,23572,12.85,,,200 g,2.57,,,https://static.ah.nl/static/product/AHI_434d50323632303433_3_LowRes_JPG.JPG
wi397499,NL ah,AH Excellent Runderbraadworst Thai red curry 200 g ,1,,Vlees. kip. vis. vega/Worst (rundvlees),,23572,12.85,,,200 g,2.57,,,https://static.ah.nl/static/product/AHI_434d50323632303432_4_LowRes_JPG.JPG
wi397501,NL ah,AH Excellent Varkensbraadworst al Andalus 200 g ,1,,Vlees. kip. vis. vega/Worst (varkensvlees),,10972,12.85,,,200 g,2.57,,,https://static.ah.nl/static/product/AHI_434d50323632303338_3_LowRes_JPG.JPG
wi443649,NL ah,AH Kalkoenfiletreepjes 200 g ,1,,Vlees. kip. vis. vega/Kalkoen - reepjes,,05167,12.85,,,200 g,2.57,,,https://static.ah.nl/static/product/AHI_43545236313436323539_1_LowRes_JPG.JPG
wi413372,NL ah,Paturain Verse roomkaas knoflook-fijne kruiden 230 g ,1,,Ontbijtgranen. broodbeleg. tussendoor/Roomkaas (kruiden),,01017,12.82608696,,,230 g,2.95,,,https://static.ahold.com/cmgtcontent/media//001736500/000/001736534_007_413372_708.jpg
wi197973,NL ah,AH BASIC Knoflook gemalen 50 g ,1,,Soepen. conserven. sauzen. smaakmakers/Knoflookpoeder,,11215,12.8,,,50 g,0.64,,,https://static.ah.nl/static/product/AHI_434d50313135303532_2_LowRes_JPG.JPG
wi443203,NL ah,AH Biologisch Fusilli doperwt 200 g ,1,,Verse kant-en-klaar maaltijden. salades/Tagliatelli. fettucini. linguine (vers),,20420,12.8,,,200 g,2.56,,,https://static.ah.nl/static/product/AHI_4b525436303033323239_1_LowRes_JPG.JPG
wi395964,NL ah,AH Paddenstoelenmix paprika bosui petersel. 200 g ,1,,Aardappel. groente. fruit/Champignons (vers),,11260,12.8,,,200 g,2.56,,,https://static.ah.nl/static/product/AHI_434d50323630383537_1_LowRes_JPG.JPG
wi206442,NL ah,Lurpak Roomboter ongezouten 200 g ,1,,Zuivel. eieren/Ongezouten roomboter,,01145,12.8,,,200 g,2.56,,,https://static.ah.nl/static/product/AHI_434d50353939343031_1_LowRes_JPG.JPG
wi48679/,NL ah,AH Nederlandse aardbeien 250 g ,1,,Aardappel. groente. fruit/Aardbeien (vers),,09316,12.76,,,250 g,3.19,,,https://static.ah.nl/static/product/AHI_434d5036333137343632_1_LowRes_JPG.JPG
wi257/ah,NL ah,AH Roomkaas kruiden 125 g ,1,,Ontbijtgranen. broodbeleg. tussendoor/Roomkaas (kruiden),,01017,12.72,,,125 g,1.59,,,https://static.ah.nl/static/product/AHI_434d50363537323831_1_LowRes_JPG.JPG
wi123972,NL ah,John West Makreelfilet in gekruide tomatensaus MSC 125 g ,1,,Soepen. conserven. sauzen. smaakmakers/Makreel (conserven),,15046,12.72,,,125 g,1.59,,,https://static.ah.nl/static/product/AHI_43545236313834333032_1_LowRes_JPG.JPG
wi195775,NL ah,Princes Makreel snack 125 g ,1,,Soepen. conserven. sauzen. smaakmakers/Makreel (conserven),,15046,12.72,,,125 g,1.59,,,https://static.ahold.com/cmgtcontent/media//001611100/000/001611114_001_195775_708.jpg
wi384179,NL ah,Philadelphia Roomkaas mediterrane kruiden 185 g ,1,,Ontbijtgranen. broodbeleg. tussendoor/Roomkaas (kruiden),,01017,12.7027027,,,185 g,2.35,,,https://static.ahold.com/cmgtcontent/media//001453500/000/001453584_003_384179_708.jpg
wi399281,NL ah,AH Kiphaasjes 300 g ,1,,Vlees. kip. vis. vega/Kipfilet - reepjes,,05314,12.63333333,,,300 g,3.79,,,https://static.ah.nl/static/product/AHI_434d50323631333932_4_LowRes_JPG.JPG
wi440456,NL ah,Kleintje roomkaas bieslook 80 g ,1,,Ontbijtgranen. broodbeleg. tussendoor/Roomkaas (kruiden),,01017,12.5,,,80 g,1,,,https://static.ah.nl/static/product/AHI_4354525f36303732353338_1_LowRes_JPG.JPG
wi440461,NL ah,Kleintje roomkaas Italiaans 80 g ,1,,Ontbijtgranen. broodbeleg. tussendoor/Roomkaas (kruiden),,01017,12.5,,,80 g,1,,,https://static.ah.nl/static/product/AHI_4354525f36303732353339_1_LowRes_JPG.JPG
wi406912,NL ah,AH Kipfiletblokjes 200 g ,1,,Vlees. kip. vis. vega/Kipfilet - blokjes,,05314,12.45,,,200 g,2.49,,,https://static.ah.nl/static/product/AHI_434d50323738303239_2_LowRes_JPG.JPG
wi159714,NL ah,Princes Makreel in water 125 g ,1,,Soepen. conserven. sauzen. smaakmakers/Makreel (conserven),,15046,12.4,,,125 g,1.55,,,https://static.ah.nl/static/product/AHI_434d5037303236373639_1_LowRes_JPG.JPG
wi199779,NL ah,AH Steak de boeuf 230 g ,1,,Vlees. kip. vis. vega/Hamburger (vers),,23572,12.39130435,,,230 g,2.85,,,https://static.ah.nl/static/product/AHI_434d50313333333133_4_LowRes_JPG.JPG
wi429757,NL ah,Bertolli Olijfolie classico bio 500 ml ,1,,Pasta. rijst. internationale keuken/Olijfolie basis,,04053,12.32,,,500 ml,6.16,,,https://static.ahold.com/cmgtcontent/media//001884800/000/001884898_001_429757_708.jpg
wi227146,NL ah,Iliada Kalamata extra vierge olijfolie 250 ml ,1,,Pasta. rijst. internationale keuken/Extra vierge dagelijks,,04053,12.28,,,250 ml,3.07,,,https://static.ah.nl/static/product/AHI_434d50313633313137_1_LowRes_JPG.JPG
wi436761,NL ah,AH Biologisch Shoarmareepjes 250 g ,1,,Vlees. kip. vis. vega/Shoarma,,10972,12.28,,,250 g,3.07,,,https://static.ah.nl/static/product/AHI_434d5038353731333832_3_LowRes_JPG.JPG
wi429627,NL ah,Kerrygold Boter ongezouten 250 g ,1,,Zuivel. eieren/Ongezouten roomboter,,01145,12.28,,,250 g,3.07,,,https://static.ah.nl/static/product/AHI_4354525f36303931393732_1_LowRes_JPG.JPG
wi429632,NL ah,Le Gall Gekarnde boter ongezouten 250 g ,1,,Zuivel. eieren/Ongezouten roomboter,,01145,12.28,,,250 g,3.07,,,https://static.ahold.com/cmgtcontent/media//001903600/000/001903678_001_429632_708.jpg
wi444878,NL ah,AH Mozzarella rasp 150 g ,1,,Kaas. vleeswaren. delicatessen/Mozzarella,,43597,12.26666667,,,150 g,1.84,,,https://static.ah.nl/static/product/AHI_43545236313831333939_1_LowRes_JPG.JPG
wi444879,NL ah,Galbani Mozzarella cucina 125 g ,1,,Kaas. vleeswaren. delicatessen/Mozzarella,,43597,12.24,,,125 g,1.53,,,https://static.ahold.com/cmgtcontent/media//002015400/000/002015492_001_444879_708.jpg
wi195735,NL ah,Princes Makreel in pittige tomatensaus 125 g ,1,,Soepen. conserven. sauzen. smaakmakers/Makreel (conserven),,15046,12.24,,,125 g,1.53,,,https://static.ah.nl/static/product/AHI_434d50313335343932_1_LowRes_JPG.JPG
wi435452,NL ah,AH Snoepgroente worteltjes met hummus 130 g ,1,,Aardappel. groente. fruit/Wortelen (vers),,11124,12.23076923,,,130 g,1.59,,,https://static.ah.nl/static/product/AHI_434d5036303430303437_1_LowRes_JPG.JPG
wi106245,NL ah,Carbonell Knoflookteentjes 100 g ,1,,Aardappel. groente. fruit/Knoflook (in pot),,11215,12.2,,,100 g,1.22,,,https://static.ahold.com/cmgtcontent/media//001994300/000/001994340_002_106245_708.jpg
wi1765/j,NL ah,John West Wilde roze zalm MSC 213 g ,1,,Soepen. conserven. sauzen. smaakmakers/Zalm (conserven),,15077,12.15962441,,,213 g,2.59,,,https://static.ah.nl/static/product/AHI_434d5031303536303939_1_LowRes_JPG.JPG
wi407281,NL ah,AH BASIC Cashew noten gezouten 500 g ,1,,Snoep. koek. chips/Cashewnoten (groot),,12087,11.96,,,500 g,5.98,,,https://static.ah.nl/static/product/AHI_434d50323739373035_1_LowRes_JPG.JPG
wi187582,NL ah,AH Jagerburger 2 stuks ,1,,Vlees. kip. vis. vega/Hamburgers - varkensvlees (vers),,10972,11.96,,,2 stuks,2.99,,,https://static.ah.nl/static/product/AHI_434d50303430333236_4_LowRes_JPG.JPG
wi436750,NL ah,AH Biologisch Mager rundergehakt 300 g ,1,,Vlees. kip. vis. vega/Rundergehakt,,23572,11.93333333,,,300 g,3.58,,,https://static.ah.nl/static/product/AHI_434d5038353731333536_4_LowRes_JPG.JPG
wi123142,NL ah,Galbani Mozzarella 125 g ,1,,Kaas. vleeswaren. delicatessen/Mozzarella,,43597,11.92,,,125 g,1.49,,,https://static.ah.nl/static/product/AHI_434d50363030323234_2_LowRes_JPG.JPG
wi183607,NL ah,Princes Makreel in zonnebloemolie 125 g ,1,,Soepen. conserven. sauzen. smaakmakers/Makreel (conserven),,15046,11.92,,,125 g,1.49,,,https://static.ah.nl/static/product/AHI_434d50323733303332_1_LowRes_JPG.JPG
wi230804,NL ah,AH Verse knoflook per bol ,1,,Aardappel. groente. fruit/Knoflook (vers),,11215,11.9,,,per bol,0.71,,,https://static.ahold.com/cmgtcontent/media//001208200/000/001208228_001_230804_708.jpg
wi227866,NL ah,BioToday Gemengde notenpasta 170 g ,1,,Ontbijtgranen. broodbeleg. tussendoor/Pindakaas,,16398,11.88235294,,,170 g,2.02,,,https://static.ah.nl/static/product/AHI_434d50313637393033_2_LowRes_JPG.JPG
wi228458,NL ah,Peak's Tagliatelle glutenvrij 250 g ,1,,Bewuste voeding/Glutenvrije pasta (houdbaar),,20420,11.88,,,250 g,2.97,,,https://static.ah.nl/static/product/AHI_434d50313731393639_1_LowRes_JPG.JPG
wi417521,NL ah,Santa Maria Taco shells 135 g ,1,,Pasta. rijst. internationale keuken/Tortilla. wrap. burrito,,18450,11.77777778,,,135 g,1.59,,,https://static.ah.nl/static/product/AHI_434d5032333733333737_1_LowRes_JPG.JPG
wi67593/,NL ah,AH Veldsla 85 g ,1,,Aardappel. groente. fruit/Veldsla,,11253,11.76470588,,,85 g,1,,,https://static.ah.nl/static/product/AHI_434d50323831393338_6_LowRes_JPG.JPG
wi403306,NL ah,Iliada Lakonia extra vierge olijfolie PGI 500 ml ,1,,Pasta. rijst. internationale keuken/Extra vierge specialiteiten,,04053,11.7,,,500 ml,5.85,,,https://static.ahold.com/cmgtcontent/media//001617300/000/001617338_001_403306_708.jpg
wi436918,NL ah,AH Scharrel kipdijfiletreepjes shoarma 350 g ,1,,Vlees. kip. vis. vega/Kipfilet - reepjes,,05314,11.68571429,,,350 g,4.09,,,https://static.ah.nl/static/product/AHI_434d5037383630383431_1_LowRes_JPG.JPG
wi168091,NL ah,AH Veldsla voordeel 150 g ,1,,Aardappel. groente. fruit/Veldsla,,11253,11.6,,,150 g,1.74,,,https://static.ah.nl/static/product/AHI_434d50323130303637_2_LowRes_JPG.JPG
wi235025,NL ah,AH Aardbeien 250 g ,1,,Aardappel. groente. fruit/Aardbeien (vers),,09316,11.56,,,250 g,2.89,,,https://static.ah.nl/static/product/AHI_434d50323630303331_5_LowRes_JPG.JPG
wi448313,NL ah,AH Aardbeien ontkroond 130 g ,1,,Aardappel. groente. fruit/Aardbeien (vers),,09316,11.53846154,,,130 g,1.5,,,https://static.ah.nl/static/product/AHI_43545236323031333634_2_LowRes_JPG.JPG
wi167582,NL ah,AH Pittige peperburger 2 stuks ,1,,Vlees. kip. vis. vega/Hamburger (vers),,23572,11.48,,,2 stuks,2.87,,,https://static.ah.nl/static/product/AHI_434d50303035363430_7_LowRes_JPG.JPG
wi383529,NL ah,AH Hamburger Italiaans 200 g ,1,,Vlees. kip. vis. vega/Hamburger (vers),,23572,11.45,,,200 g,2.29,,,https://static.ah.nl/static/product/AHI_434d50323431343236_3_LowRes_JPG.JPG
wi232254,NL ah,AH Amerikaanse hamburger 270 g ,1,,Vlees. kip. vis. vega/Hamburger (vers),,23572,11.40740741,,,270 g,3.08,,,https://static.ah.nl/static/product/AHI_434d50313738323737_3_LowRes_JPG.JPG
wi215707,NL ah,AH Groene asperges 350 g ,1,,Aardappel. groente. fruit/Groene asperges,,11011,11.4,,,350 g,3.99,,,https://static.ah.nl/static/product/AHI_434d50303434313138_3_LowRes_JPG.JPG
wi397576,NL ah,AH Runder rookworst 250 g ,1,,Vlees. kip. vis. vega/Worst (rundvlees),,23572,11.4,,,250 g,2.85,,,https://static.ah.nl/static/product/AHI_434d50323631333035_2_LowRes_JPG.JPG
wi425548,NL ah,Castellino Bella di cerignola verde più olijven 180 g ,1,,Pasta. rijst. internationale keuken/Groene olijven,,09195,11.38888889,,,180 g,2.05,,,https://static.ahold.com/cmgtcontent/media//001839200/000/001839206_001_425548_708.jpg
wi428743,NL ah,Castellino Dolce olijven 180 g ,1,,Pasta. rijst. internationale keuken/Groene olijven,,09195,11.38888889,,,180 g,2.05,,,https://static.ahold.com/cmgtcontent/media//001867900/000/001867936_001_428743_708.jpg
wi440450,NL ah,Castellino Groene olijven met basilicum 180 g ,1,,Pasta. rijst. internationale keuken/Groene olijven,,09195,11.38888889,,,180 g,2.05,,,https://static.ahold.com/cmgtcontent/media//001983200/000/001983270_001_440450_708.jpg
wi437648,NL ah,AH Gele linzen spaghetti 225 g ,1,,Pasta. rijst. internationale keuken/Spaghetti (houdbaar),,20420,11.37777778,,,225 g,2.56,,,https://static.ah.nl/static/product/AHI_434d5038393134323631_1_LowRes_JPG.JPG
wi199777,NL ah,AH Catalaanse braadworst 270 g ,1,,Vlees. kip. vis. vega/Worst (varkensvlees),,10972,11.37037037,,,270 g,3.07,,,https://static.ah.nl/static/product/AHI_434d50303430333335_5_LowRes_JPG.JPG
wi232017,NL ah,AH Geraspte mozzarella 150 g ,1,,Kaas. vleeswaren. delicatessen/Mozzarella,,43597,11.33333333,,,150 g,1.7,,,https://static.ah.nl/static/product/AHI_434d50323538383935_1_LowRes_JPG.JPG
wi226922,NL ah,AH Vers gekookt nl mosselvlees 150 g ,1,,Vlees. kip. vis. vega/Mosselen (vers),,15164,11.26666667,,,150 g,1.69,,,https://static.ah.nl/static/product/AHI_434d50313636363632_3_LowRes_JPG.JPG
wi183623,NL ah,Princes Sardines in water 120 g ,1,,Soepen. conserven. sauzen. smaakmakers/Sardines (conserven),,15088,11.25,,,120 g,1.35,,,https://static.ahold.com/cmgtcontent/media//001602300/000/001602360_001_183623_708.jpg
wi426017,NL ah,Wahid Beefburger 200 g ,1,,Vlees. kip. vis. vega/Hamburger (vers),,23572,11.25,,,200 g,2.25,,,https://static.ahold.com/cmgtcontent/media//001847000/000/001847020_001_426017_708.jpg
wi185774,NL ah,AH Biologisch Knoflook 100 g ,1,,Aardappel. groente. fruit/Knoflook (vers),,11215,11.2,,,100 g,1.12,,,https://static.ah.nl/static/product/AHI_434d50313832333839_2_LowRes_JPG.JPG
192053ZK,NL jumbo,Jumbo Gedroogde Abrikozen 250g,1,,Koken. soepen. maaltijden,,09021,11.16,,,250 g,2.79,,,https://static-images.jumbo.com/product_images/192053ZK-1_720x720.png
wi187583,NL ah,AH Duitse biefstuk 250 g ,1,,Vlees. kip. vis. vega/Tartaar,,23572,11.16,,,250 g,2.79,,,https://static.ah.nl/static/product/AHI_434d50313334373734_4_LowRes_JPG.JPG
wi443326,NL ah,Emco Granola honing noten 340 g ,1,,Ontbijtgranen. broodbeleg. tussendoor/Granola (noten),,08037,11.14705882,,,340 g,3.79,,,https://static.ahold.com/cmgtcontent/media//002012700/000/002012730_001_443326_708.jpg
wi421138,NL ah,AH Snoepfruit groene appel 90 g ,1,,Aardappel. groente. fruit/Appel (stukjes),,09003,11.11111111,,,90 g,1,,,https://static.ah.nl/static/product/AHI_434d50373330333035_2_LowRes_JPG.JPG
wi421137,NL ah,AH Snoepfruit rode appel 90 g ,1,,Aardappel. groente. fruit/Appel (stukjes),,09003,11.11111111,,,90 g,1,,,https://static.ah.nl/static/product/AHI_434d5038363238303231_2_LowRes_JPG.JPG
wi197491,NL ah,AH Gesneden cantaloupe meloenstukjes 225 g ,1,,Aardappel. groente. fruit/Cantaloupe meloen,,09181,11.11111111,,,225 g,2.5,,,https://static.ah.nl/static/product/AHI_434d503130303737373337_1_LowRes_JPG.JPG
wi162763,NL ah,Philadelphia Roomkaas bieslook 185 g ,1,,Ontbijtgranen. broodbeleg. tussendoor/Roomkaas light,,01017,11.08108108,,,185 g,2.05,,,https://static.ahold.com/cmgtcontent/media//001167500/000/001167548_003_162763_708.jpg
wi162764,NL ah,Philadelphia Roomkaas kruiden 185 g ,1,,Ontbijtgranen. broodbeleg. tussendoor/Roomkaas (kruiden),,01017,11.08108108,,,185 g,2.05,,,https://static.ah.nl/static/product/AHI_4b525436303032363230_3_LowRes_JPG.JPG
wi429754,NL ah,Bertolli Olijfolie extra vergine originale 500 ml ,1,,Pasta. rijst. internationale keuken/Extra vierge dagelijks,,04053,11.08,,,500 ml,5.54,,,https://static.ah.nl/static/product/AHI_434d50323831323335_1_LowRes_JPG.JPG
wi412450,NL ah,AH Rundergehakt voor pasta Bolognese 250 g ,1,,Vlees. kip. vis. vega/Rundergehakt,,23572,11.08,,,250 g,2.77,,,https://static.ah.nl/static/product/AHI_434d50323837303639_5_LowRes_JPG.JPG
wi178129,NL ah,AH Wilde zalmfilets 250 g ,1,,Vlees. kip. vis. vega/Zalm (diepvries),,15076,11.08,,,250 g,2.77,,,https://static.ah.nl/static/product/AHI_434d50313132303537_1_LowRes_JPG.JPG
wi234137,NL ah,Dorset Cereals berry granola 325 g ,1,,Ontbijtgranen. broodbeleg. tussendoor/Granola (fruit),,08037,11.04615385,,,325 g,3.59,,,https://static.ah.nl/static/product/AHI_434d5032313632323934_1_LowRes_JPG.JPG
wi212145,NL ah,AH Varkensreepjes mager 400 g ,1,,Vlees. kip. vis. vega/Shoarma,,10972,11.025,,,400 g,4.41,,,https://static.ah.nl/static/product/AHI_434d50303731303934_3_LowRes_JPG.JPG
wi192043,NL ah,AH Runder braadworstjes met mozzarella 270 g ,1,,Vlees. kip. vis. vega/Worst (rundvlees),,23572,11,,,270 g,2.97,,,https://static.ah.nl/static/product/AHI_434d50303033383739_3_LowRes_JPG.JPG
wi375063,NL ah,AH Zwitserse kaasburger 300 g ,1,,Vlees. kip. vis. vega/Vlees (varken),,10972,10.96666667,,,300 g,3.29,,,https://static.ah.nl/static/product/AHI_434d50323235393039_2_LowRes_JPG.JPG
wi193020,NL ah,AH Runderbraadworst 2 stuks ,1,,Vlees. kip. vis. vega/Worst (rundvlees),,23572,10.95,,,2 stuks,2.19,,,https://static.ah.nl/static/product/AHI_434d50313333323734_4_LowRes_JPG.JPG
wi447633,NL ah,AH Ongebrande amandelen 200 g ,1,,Snoep. koek. chips/Amandelen (zakje),,12061,10.95,,,200 g,2.19,,,https://static.ah.nl/static/product/AHI_43545236323039323538_1_LowRes_JPG.JPG
wi168583,NL ah,Galbani Mozzarella maxi 200 g ,1,,Kaas. vleeswaren. delicatessen/Mozzarella,,43597,10.95,,,200 g,2.19,,,https://static.ah.nl/static/product/AHI_434d50363131393136_1_LowRes_JPG.JPG
wi408981,NL ah,Mora Varkenssaté pittige pindasaus 160 g ,1,,Vlees. kip. vis. vega/Varkenssate (diepvries),,10972,10.9375,,,160 g,1.75,,,https://static.ah.nl/static/product/AHI_434d50363130383931_2_LowRes_JPG.JPG
wi368637,NL ah,AH Kipdijfiletreepjes kebab 400 g ,1,,Vlees. kip. vis. vega/Kipfilet - reepjes,,05314,10.925,,,400 g,4.37,,,https://static.ah.nl/static/product/AHI_434d50323131383234_5_LowRes_JPG.JPG
wi368636,NL ah,AH Kipdijfiletreepjes shoarma 400 g ,1,,Vlees. kip. vis. vega/Kipfilet - reepjes,,05314,10.925,,,400 g,4.37,,,https://static.ah.nl/static/product/AHI_434d50323131383139_4_LowRes_JPG.JPG
wi410737,NL ah,AH Snoepgroente komkommer 100 g ,1,,Bewuste voeding/Komkommer (snoepgroente),,11205,10.9,,,100 g,1.09,,,https://static.ah.nl/static/product/AHI_434d50323831393037_1_LowRes_JPG.JPG
wi410736,NL ah,AH Snoepgroente paprika 100 g ,1,,Bewuste voeding/Paprika (snoepgroente),,11333,10.9,,,100 g,1.09,,,https://static.ah.nl/static/product/AHI_434d50323831393036_1_LowRes_JPG.JPG
wi191606,NL ah,Mon Chou Verse roomkaas 100 g ,1,,Ontbijtgranen. broodbeleg. tussendoor/Roomkaas (naturel),,01017,10.9,,,100 g,1.09,,,https://static.ahold.com/cmgtcontent/media//001840600/000/001840608_001_191606_708.jpg
wi399953,NL ah,AH Varkensgyros 500 g ,1,,Vlees. kip. vis. vega/Gyros,,10972,10.86,,,500 g,5.43,,,https://static.ah.nl/static/product/AHI_434d50323632303538_1_LowRes_JPG.JPG
wi192051,NL ah,AH Varkensrollade gekruid 500 g ,1,,Vlees. kip. vis. vega/Rollade (varkensvlees),,10972,10.8,,,500 g,5.4,,,https://static.ah.nl/static/product/AHI_434d50303033383830_3_LowRes_JPG.JPG
wi199702,NL ah,AH Gehaktbal varkensvlees 300 g ,1,,Vlees. kip. vis. vega/Gehaktbal,,10972,10.8,,,300 g,3.24,,,https://static.ah.nl/static/product/AHI_434d50313334373336_2_LowRes_JPG.JPG
wi214086,NL ah,AH Snack aardbeien 180 g ,1,,Aardappel. groente. fruit/Aardbeien (vers),,09316,10.77777778,,,180 g,1.94,,,https://static.ah.nl/static/product/AHI_434d50323834363634_1_LowRes_JPG.JPG
wi421543,NL ah,AH Biologisch Framboos 250 g ,1,,Aardappel. groente. fruit/Frambozen (diepvries),,09302,10.76,,,250 g,2.69,,,https://static.ah.nl/static/product/AHI_434d5031393436383431_1_LowRes_JPG.JPG
wi226425,NL ah,Herta Spekreepjes gerookt 200 g ,1,,Vlees. kip. vis. vega/Speklappen,,10972,10.75,,,200 g,2.15,,,https://static.ah.nl/static/product/AHI_434d50323539343732_1_LowRes_JPG.JPG
wi226426,NL ah,Herta Spekreepjes natuur 200 g ,1,,Vlees. kip. vis. vega/Speklappen,,10972,10.75,,,200 g,2.15,,,https://static.ahold.com/cmgtcontent/media//001423600/000/001423668_003_226426_708.jpg
wi384176,NL ah,Philadelphia Roomkaas original light 200 g ,1,,Ontbijtgranen. broodbeleg. tussendoor/Roomkaas light,,01017,10.75,,,200 g,2.15,,,https://static.ahold.com/cmgtcontent/media//001453500/000/001453556_003_384176_708.jpg
wi38213/,NL ah,John West Wilde roze zalm MSC 418 g ,1,,Soepen. conserven. sauzen. smaakmakers/Zalm (conserven),,15077,10.74162679,,,418 g,4.49,,,https://static.ahold.com/cmgtcontent/media//001167500/000/001167532_003_38213_708.jpg
wi226971,NL ah,AH Mossel dipsaus 210 g ,1,,Soepen. conserven. sauzen. smaakmakers/Mosselsaus,,15164,10.71428571,,,210 g,2.25,,,https://static.ah.nl/static/product/AHI_434d50323136333931_1_LowRes_JPG.JPG
wi383531,NL ah,AH Excellent Lincolnshire sausage 240 g ,1,,Vlees. kip. vis. vega/Worst (varkensvlees),,10972,10.70833333,,,240 g,2.57,,,https://static.ah.nl/static/product/AHI_434d50323431313631_3_LowRes_JPG.JPG
wi121662,NL ah,Monini Olijfolie gran frutatto extra vierge 500 ml ,1,,Pasta. rijst. internationale keuken/Extra vierge dagelijks,,04053,10.68,,,500 ml,5.34,,,https://static.ah.nl/static/product/AHI_434d50313836383833_3_LowRes_JPG.JPG
wi198731,NL ah,Pietro Coricelli Olio extra virgin di oliva ongefilterd 500 ml ,1,,Pasta. rijst. internationale keuken/Extra vierge specialiteiten,,04053,10.68,,,500 ml,5.34,,,https://static.ah.nl/static/product/AHI_434d50303235363931_1_LowRes_JPG.JPG
wi232346,NL ah,AH Greenfields gekruide runderbraadworst 240 g ,1,,Vlees. kip. vis. vega/Worst (rundvlees),,23572,10.66666667,,,240 g,2.56,,,https://static.ah.nl/static/product/AHI_434d50313830363134_4_LowRes_JPG.JPG
wi63361/,NL ah,AH Olijfolie extra vierge 250 ml ,1,,Pasta. rijst. internationale keuken/Extra vierge dagelijks,,04053,10.64,,,250 ml,2.66,,,https://static.ah.nl/static/product/AHI_43545236353535333238_1_LowRes_JPG.JPG
wi191054,NL ah,De Cecco Cannelloni all'uovo n° 100 250 g ,1,,Pasta. rijst. internationale keuken/Lasagnebladen (houdbaar),,20420,10.64,,,250 g,2.66,,,https://static.ah.nl/static/product/AHI_434d50323431343238_1_LowRes_JPG.JPG
wi228715,NL ah,Zonnatura Quinoa met linzen 250 g ,1,,Pasta. rijst. internationale keuken/Quinoa,,20035,10.64,,,250 g,2.66,,,https://static.ahold.com/cmgtcontent/media//001215400/000/001215414_002_228715_708.jpg
wi227844,NL ah,Zonnatura Quinoa tomaat olijf 250 g ,1,,Pasta. rijst. internationale keuken/Quinoa,,20035,10.64,,,250 g,2.66,,,https://static.ahold.com/cmgtcontent/media//001163700/000/001163766_001_227844_708.jpg
wi1531/a,NL ah,AH Roomboter ongezouten 125 g ,1,,Zuivel. eieren/Ongezouten roomboter,,01145,10.64,,,125 g,1.33,,,https://static.ah.nl/static/product/AHI_434d5035313031353431_1_LowRes_JPG.JPG
wi187586,NL ah,AH Gekruide runderchipolata 8 stuks ,1,,Vlees. kip. vis. vega/Worst (rundvlees),,23572,10.63,,,8 stuks,3.19,,,https://static.ah.nl/static/product/AHI_434d50313334373538_7_LowRes_JPG.JPG
wi238981,NL ah,AH Kipdijfiletreepjes 400 g ,1,,Vlees. kip. vis. vega/Kipfilet - reepjes,,05314,10.625,,,400 g,4.25,,,https://static.ah.nl/static/product/AHI_434d50323032313636_4_LowRes_JPG.JPG
wi227144,NL ah,Iliada Kalamata extra vierge olijfolie 500 ml ,1,,Pasta. rijst. internationale keuken/Extra vierge dagelijks,,04053,10.58,,,500 ml,5.29,,,https://static.ah.nl/static/product/AHI_434d50313633313138_1_LowRes_JPG.JPG
wi383141,NL ah,AH Kiphaasjes 450 g ,1,,Vlees. kip. vis. vega/Kipfilet - reepjes,,05314,10.55555556,,,450 g,4.75,,,https://static.ah.nl/static/product/AHI_434d50323335303336_4_LowRes_JPG.JPG
wi48307/,NL ah,Campina Botergoud ongezouten grasboter 250 g ,1,,Zuivel. eieren/Ongezouten roomboter,,01145,10.48,,,250 g,2.62,,,https://static.ah.nl/static/product/AHI_434d5031303637383931_1_LowRes_JPG.JPG
wi418169,NL ah,AH Slaburger 200 g ,1,,Vlees. kip. vis. vega/Hamburger (vers),,23572,10.45,,,200 g,2.09,,,https://static.ah.nl/static/product/AHI_434d50373536373839_5_LowRes_JPG.JPG
wi30848/,NL ah,Conimex Mix satésaus 68 g ,1,,Pasta. rijst. internationale keuken/Satésaus,,27059,10.44117647,,,68 g,0.71,,,https://static.ah.nl/static/product/AHI_434d50323332353737_1_LowRes_JPG.JPG
wi201951,NL ah,Princes Sardines in olijfolie 120 g ,1,,Soepen. conserven. sauzen. smaakmakers/Sardines (conserven),,15088,10.41666667,,,120 g,1.25,,,https://static.ah.nl/static/product/AHI_434d50323832323734_1_LowRes_JPG.JPG
wi183625,NL ah,Princes Sardines in tomatensaus 120 g ,1,,Soepen. conserven. sauzen. smaakmakers/Sardines (conserven),,15088,10.41666667,,,120 g,1.25,,,https://static.ahold.com/cmgtcontent/media//001673500/000/001673572_001_183625_708.jpg
wi452224,NL ah,AH Gemarineerde filet als van kip 180 g ,1,,Vlees. kip. vis. vega/Kipfilet - stuk,,05314,10.38888889,,,180 g,1.87,,,https://static.ah.nl/static/product/AHI_43545236373732343437_1_LowRes_JPG.JPG
wi63360/,NL ah,AH Olijfolie mild 250 ml ,1,,Pasta. rijst. internationale keuken/Olijfolie mild,,04053,10.36,,,250 ml,2.59,,,https://static.ah.nl/static/product/AHI_434d50323733333333_1_LowRes_JPG.JPG
wi199704,NL ah,AH Zigeuner gehaktschnitzel 2 stuks ,1,,Vlees. kip. vis. vega/Schnitzel,,10972,10.36,,,2 stuks,2.59,,,https://static.ah.nl/static/product/AHI_434d50313334373133_4_LowRes_JPG.JPG
wi230679,NL ah,AH Uienmix 125 g ,1,,Aardappel. groente. fruit/Voorgesneden uien,,11282,10.32,,,125 g,1.29,,,https://static.ah.nl/static/product/AHI_434d50313738333438_3_LowRes_JPG.JPG
wi386813,NL ah,AH Chipolata mix 400 g ,1,,Vlees. kip. vis. vega/Vlees (varken),,10972,10.275,,,400 g,4.11,,,https://static.ah.nl/static/product/AHI_434d5038353039363833_1_LowRes_JPG.JPG
wi232418,NL ah,AH Runder stooflap Iers ca. 750 g ,1,,Vlees. kip. vis. vega/Vlees (rund),,23572,10.27,,750.00 g,ca. 750 g,7.7,,,https://static.ah.nl/static/product/AHI_434d50323236393133_4_LowRes_JPG.JPG
wi187570,NL ah,AH Runder sukadelap Iers ca. 700 g ,1,,Vlees. kip. vis. vega/Runderlappen,,23572,10.27,,700.00 g,ca. 700 g,7.19,,,https://static.ah.nl/static/product/AHI_434d50303434383533_8_LowRes_JPG.JPG
wi367366,NL ah,AH Wienerschnitzel ca. 300 ,1,,Vlees. kip. vis. vega/Schnitzel,,10972,10.27,,,ca. 300,3.08,,,https://static.ah.nl/static/product/AHI_434d50323130333636_4_LowRes_JPG.JPG
wi187605,NL ah,AH Zigeunerschnitzel 2 stuks ,1,,Vlees. kip. vis. vega/Schnitzel,,10972,10.27,,,2 stuks,3.08,,,https://static.ah.nl/static/product/AHI_434d50313333323837_5_LowRes_JPG.JPG
wi436749,NL ah,AH Biologisch Rundertartaar 300 g ,1,,Vlees. kip. vis. vega/Tartaar,,23572,10.26666667,,,300 g,3.08,,,https://static.ah.nl/static/product/AHI_434d5038393737303937_2_LowRes_JPG.JPG
wi192050,NL ah,AH Greenfields mager rundergehakt 300 g ,1,,Vlees. kip. vis. vega/Rundergehakt,,23572,10.26666667,,,300 g,3.08,,,https://static.ah.nl/static/product/AHI_434d50313237313038_2_LowRes_JPG.JPG
wi429753,NL ah,Bertolli Olijfolie classico 500 ml ,1,,Pasta. rijst. internationale keuken/Olijfolie basis,,04053,10.26,,,500 ml,5.13,,,https://static.ah.nl/static/product/AHI_434d50323438323932_1_LowRes_JPG.JPG
wi371599,NL ah,AH Gamba's 500 g ,1,,Vlees. kip. vis. vega/Garnalen (diepvries),,15270,10.26,,,500 g,5.13,,,https://static.ah.nl/static/product/AHI_434d50323230303435_3_LowRes_JPG.JPG
wi192044,NL ah,AH Scharrel braadworst 240 g ,1,,Vlees. kip. vis. vega/Worst (varkensvlees),,10972,10.25,,,240 g,2.46,,,https://static.ah.nl/static/product/AHI_434d50323234333835_2_LowRes_JPG.JPG
wi199712,NL ah,AH Rundervinken 2 stuks ,1,,Vlees. kip. vis. vega/Rundervinken,,23572,10.25,,,2 stuks,2.05,,,https://static.ah.nl/static/product/AHI_434d50303030363936_4_LowRes_JPG.JPG
wi199780,NL ah,AH Magere grillburger 320 g ,1,,Vlees. kip. vis. vega/Hamburger (vers),,23572,10.25,,,320 g,3.28,,,https://static.ah.nl/static/product/AHI_434d50313331373739_5_LowRes_JPG.JPG
wi202232,NL ah,Verstegen Zeezout grof 320 g ,1,,Soepen. conserven. sauzen. smaakmakers/Zeezout,,02047,10.25,,,320 g,3.28,,,https://static.ahold.com/cmgtcontent/media//001820800/000/001820872_001_202232_708.jpg
wi217023,NL ah,AH Aspergepunten groen 200 g ,1,,Aardappel. groente. fruit/Asperges (diepvries),,11011,10.25,,,200 g,2.05,,,https://static.ah.nl/static/product/AHI_434d50313231323636_1_LowRes_JPG.JPG
wi225668,NL ah,Zonnatura Biologische groene muntthee 200 g ,1,,Frisdrank. sappen. koffie. thee/Groene thee,,14190,10.25,,,200 g,2.05,,,https://static.ah.nl/static/product/AHI_434d50323031363730_1_LowRes_JPG.JPG
wi437645,NL ah,AH Rode linzen penne 250 g ,1,,Pasta. rijst. internationale keuken/Farfalle,,20420,10.24,,,250 g,2.56,,,https://static.ah.nl/static/product/AHI_434d5038393134323537_1_LowRes_JPG.JPG
wi381705,NL ah,De Kleine Keuken Pindakaas voor kleintjes 8 mnd 250 g ,1,,Ontbijtgranen. broodbeleg. tussendoor/Pindakaas,,16398,10.24,,,250 g,2.56,,,https://static.ah.nl/static/product/AHI_434d50323739343036_1_LowRes_JPG.JPG
wi208514,NL ah,Grand'Italia Lasagne all'uovo 250 g ,1,,Pasta. rijst. internationale keuken/Lasagnebladen (houdbaar),,20420,10.24,,,250 g,2.56,,,https://static.ahold.com/cmgtcontent/media//001641700/000/001641780_002_208514_708.jpg
wi402036,NL ah,AH Garnalen in bladerdeeg met chilisaus 300 g ,1,,Vlees. kip. vis. vega/Garnalen (diepvries),,15270,10.23333333,,,300 g,3.07,,,https://static.ah.nl/static/product/AHI_434d50323638303533_1_LowRes_JPG.JPG
wi429346,NL ah,Mister Kitchen's Pindakaas amandel speculaas 300 g ,1,,Ontbijtgranen. broodbeleg. tussendoor/Pindakaas,,16398,10.23333333,,,300 g,3.07,,,https://static.ahold.com/cmgtcontent/media//001873200/000/001873214_003_429346_708.jpg
wi413600,NL ah,Mister Kitchen's Pindakaas chocolade 300 g ,1,,Ontbijtgranen. broodbeleg. tussendoor/Pindakaas,,16398,10.23333333,,,300 g,3.07,,,https://static.ahold.com/cmgtcontent/media//001732100/000/001732168_003_413600_708.jpg
wi429347,NL ah,Mister Kitchen's Pindakaas crunchy hazelnoot 300 g ,1,,Ontbijtgranen. broodbeleg. tussendoor/Pindakaas,,16398,10.23333333,,,300 g,3.07,,,https://static.ahold.com/cmgtcontent/media//001873200/000/001873212_003_429347_708.jpg
wi413603,NL ah,Mister Kitchen's Pindakaas honing chili 300 g ,1,,Ontbijtgranen. broodbeleg. tussendoor/Pindakaas,,16398,10.23333333,,,300 g,3.07,,,https://static.ahold.com/cmgtcontent/media//001732100/000/001732152_004_413603_708.jpg
wi413604,NL ah,Mister Kitchen's Pindakaas kokos maple 300 g ,1,,Ontbijtgranen. broodbeleg. tussendoor/Pindakaas,,16398,10.23333333,,,300 g,3.07,,,https://static.ahold.com/cmgtcontent/media//001732100/000/001732154_003_413604_708.jpg
wi413601,NL ah,Mister Kitchen's Pindakaas zeezout karamel 300 g ,1,,Ontbijtgranen. broodbeleg. tussendoor/Pindakaas,,16398,10.23333333,,,300 g,3.07,,,https://static.ahold.com/cmgtcontent/media//001732100/000/001732170_003_413601_708.jpg
wi104819,NL ah,AH Biologisch Uiensnippers 175 g ,1,,Aardappel. groente. fruit/Voorgesneden uien,,11282,10.22857143,,,175 g,1.79,,,https://static.ah.nl/static/product/AHI_434d5034303735383139_1_LowRes_JPG.JPG
wi67695/,NL ah,AH Extra fijne champignons 175 g ,1,,Aardappel. groente. fruit/Champignons (vers),,11260,10.22857143,,,175 g,1.79,,,https://static.ah.nl/static/product/AHI_434d50303435313533_3_LowRes_JPG.JPG
wi386437,NL ah,Grand'Italia Ravioli al tartufo 220 g ,1,,Pasta. rijst. internationale keuken/Ravioli (houdbaar),,20420,10.22727273,,,220 g,2.25,,,https://static.ahold.com/cmgtcontent/media//001478400/000/001478476_001_386437_708.jpg
wi182993,NL ah,Bonduelle Crispy maïs bio 150 g ,1,,Aardappel. groente. fruit/Maiskorrels (conserven),,11167,10.2,,,150 g,1.53,,,https://static.ahold.com/cmgtcontent/media//001420700/000/001420784_001_182993_708.jpg
wi63359/,NL ah,AH Olijfolie 250 ml ,1,,Pasta. rijst. internationale keuken/Olijfolie basis,,04053,10.2,,,250 ml,2.55,,,https://static.ah.nl/static/product/AHI_434d50323733333238_1_LowRes_JPG.JPG
wi436752,NL ah,AH Biologisch Rundergehakt 300 g ,1,,Vlees. kip. vis. vega/Rundergehakt,,23572,10.16666667,,,300 g,3.05,,,https://static.ah.nl/static/product/AHI_434d5038353731333933_3_LowRes_JPG.JPG
wi222151,NL ah,Gilco Haringfilets 350 g ,1,,Vlees. kip. vis. vega/Haring (vers),,15041,10.14285714,,,350 g,3.55,,,https://static.ah.nl/static/product/AHI_434d50323432343333_1_LowRes_JPG.JPG
wi366065,NL ah,Echte Boter Pakje ongezouten 250 g ,1,,Zuivel. eieren/Ongezouten roomboter,,01145,10.08,,,250 g,2.52,,,https://static.ah.nl/static/product/AHI_43545236333134363738_1_LowRes_JPG.JPG
wi366070,NL ah,Echte Boter Rol ongezouten 250 g ,1,,Zuivel. eieren/Ongezouten roomboter,,01145,10.08,,,250 g,2.52,,,https://static.ahold.com/cmgtcontent/media//001294500/000/001294586_001_366070_708.jpg
wi384175,NL ah,Philadelphia Roomkaas original 200 g ,1,,Ontbijtgranen. broodbeleg. tussendoor/Roomkaas (naturel),,01017,10.05,,,200 g,2.01,,,https://static.ah.nl/static/product/AHI_43545236383534303430_1_LowRes_JPG.JPG
wi183621,NL ah,Princes Roze zalm 418 g ,1,,Soepen. conserven. sauzen. smaakmakers/Zalm (conserven),,15077,10.02392344,,,418 g,4.19,,,https://static.ah.nl/static/product/AHI_434d5031303536313034_1_LowRes_JPG.JPG
151741BA,NL jumbo,Jumbo Biologisch Rundergehakt 300g,1,,Vlees. vis. vegetarisch,,23572,10,,,300 g,3,,,https://static-images.jumbo.com/product_images/151741BAK-1_720x720.png
wi447161,NL ah,AH Zongerijpt watermeloen 300 g ,1,,Aardappel. groente. fruit/Watermeloen (stukjes),,09326,10,,,300 g,3,,,https://static.ah.nl/static/product/AHI_43545236313839323432_2_LowRes_JPG.JPG
wi443004,NL ah,AH Pasta fresca ravioli burata pomodoro 250 g ,1,,Pasta. rijst. internationale keuken/Ravioli (vers),,20420,10,,,250 g,2.5,,,https://static.ah.nl/static/product/AHI_4354525f36303233363731_1_LowRes_JPG.JPG
wi447160,NL ah,AH Zongerijpt watermeloen 225 g ,1,,Aardappel. groente. fruit/Watermeloen (stukjes),,09326,10,,,225 g,2.25,,,https://static.ah.nl/static/product/AHI_43545236313839323431_2_LowRes_JPG.JPG
wi192851,NL ah,AH Aspergebroccoli 200 g ,1,,Aardappel. groente. fruit/Bimi,,11090,10,,,200 g,2,,,https://static.ah.nl/static/product/AHI_434d5031323639343537_1_LowRes_JPG.JPG
wi401788,NL ah,AH Zongerijpt watermeloen 200 g ,1,,Aardappel. groente. fruit/Watermeloen (stukjes),,09326,10,,,200 g,2,,,https://static.ah.nl/static/product/AHI_434d5035363537323830_1_LowRes_JPG.JPG
wi384119,NL ah,Love Beets Babybietjes milde azijn 200 g ,1,,Aardappel. groente. fruit/Bietjes (vers),,11080,10,,,200 g,2,,,https://static.ah.nl/static/product/AHI_434d50363730363933_1_LowRes_JPG.JPG
wi440447,NL ah,Royal Grote groene olijven 205 g ,1,,Pasta. rijst. internationale keuken/Groene olijven,,09195,10,,,205 g,2.05,,,https://static.ahold.com/cmgtcontent/media//001983200/000/001983264_001_440447_708.jpg
wi417122,NL ah,Eat Natural Super granola proteïn amandel-zaden 400 g ,1,,Ontbijtgranen. broodbeleg. tussendoor/Granola (noten),,08037,9.975,,,400 g,3.99,,,https://static.ahold.com/cmgtcontent/media//001770000/000/001770066_001_417122_708.jpg
wi214141,NL ah,AH Snoepgroente paprika 300 g ,1,,Bewuste voeding/Paprika (snoepgroente),,11333,9.966666667,,,300 g,2.99,,,https://static.ah.nl/static/product/AHI_434d50303832323637_4_LowRes_JPG.JPG
wi426627,NL ah,AH Snoepgroente paprikamix 300 g ,1,,Bewuste voeding/Paprika (snoepgroente),,11333,9.966666667,,,300 g,2.99,,,https://static.ah.nl/static/product/AHI_434d5031363638333035_1_LowRes_JPG.JPG
wi400494,NL ah,Arla Biologische zuivelspread naturel 200 g ,1,,Ontbijtgranen. broodbeleg. tussendoor/Roomkaas (naturel),,01017,9.95,,,200 g,1.99,,,https://static.ahold.com/cmgtcontent/media//001633200/000/001633298_001_400494_708.jpg
wi451669,NL ah,Statesman Tonijn stukken in olijfolie 160gr 160 g ,1,,Soepen. conserven. sauzen. smaakmakers/Tonijn in olijfolie,,15119,9.9375,,,160 g,1.59,,,
wi135521,NL ah,AH Biologisch Boerenkool 150 g ,1,,Aardappel. groente. fruit/Boerenkool (vers),,11233,9.933333333,,,150 g,1.49,,,https://static.ah.nl/static/product/AHI_434d5034303735383138_3_LowRes_JPG.JPG
wi426106,NL ah,AH Gezouten amandelen 150 g ,1,,Snoep. koek. chips/Amandelen (zakje),,12061,9.933333333,,,150 g,1.49,,,https://static.ah.nl/static/product/AHI_434d5031393436383138_1_LowRes_JPG.JPG
wi169609,NL ah,AH Varkenslever 150 g ,1,,Kaas. vleeswaren. delicatessen/Varkenslever (voorverpakt),,10110,9.933333333,,,150 g,1.49,,,https://static.ah.nl/static/product/AHI_434d50303430313538_4_LowRes_JPG.JPG
wi365806,NL ah,Filippo Berio Extra vierge 500 ml ,1,,Pasta. rijst. internationale keuken/Extra vierge dagelijks,,04053,9.86,,,500 ml,4.93,,,https://static.ah.nl/static/product/AHI_434d50323430313534_1_LowRes_JPG.JPG
wi418167,NL ah,AH Boerengehakt schnitzel 250 g ,1,,Vlees. kip. vis. vega/Schnitzel,,10972,9.84,,,250 g,2.46,,,https://static.ah.nl/static/product/AHI_434d50373339373933_2_LowRes_JPG.JPG
wi60374/,NL ah,Campina Botergoud ongezouten roomboter 250 g ,1,,Zuivel. eieren/Ongezouten roomboter,,01145,9.84,,,250 g,2.46,,,https://static.ah.nl/static/product/AHI_434d5031303637383839_1_LowRes_JPG.JPG
wi141565,NL ah,AH Wilde zalmfilets 675 g ,1,,Vlees. kip. vis. vega/Zalm (diepvries),,15076,9.822222222,,,675 g,6.63,,,https://static.ah.nl/static/product/AHI_434d50303035363531_5_LowRes_JPG.JPG
200558ZK,NL jumbo,Jumbo Wilde Zalmfilet 500g,1,,Diepvries,,15076,9.78,,,500 gram,4.89,,,https://static-images.jumbo.com/product_images/200558ZK-1_720x720.png
wi199703,NL ah,AH Rundergehaktbal 3 stuks ,1,,Vlees. kip. vis. vega/Rundergehakt,,23572,9.77,,,3 stuks,2.93,,,https://static.ah.nl/static/product/AHI_434d50313334373130_5_LowRes_JPG.JPG
wi187597,NL ah,AH Rundertartaar 300 g ,1,,Vlees. kip. vis. vega/Tartaar,,23572,9.766666667,,,300 g,2.93,,,https://static.ah.nl/static/product/AHI_434d50313333323732_2_LowRes_JPG.JPG
wi121478,NL ah,AH Kabeljauwfilet 675 g ,1,,Vlees. kip. vis. vega/Kabeljauw (diepvries),,15015,9.733333333,,,675 g,6.57,,,https://static.ah.nl/static/product/AHI_434d50303035343231_3_LowRes_JPG.JPG
wi58082/,NL ah,AH Biologisch Roomboter ongezouten 250 g ,1,,Zuivel. eieren/Ongezouten roomboter,,01145,9.72,,,250 g,2.43,,,https://static.ah.nl/static/product/AHI_434d50313935393036_1_LowRes_JPG.JPG
wi192049,NL ah,AH Gekruide gehaktstaaf 440 g ,1,,Vlees. kip. vis. vega/Rundervinken,,23572,9.659090909,,,440 g,4.25,,,https://static.ah.nl/static/product/AHI_434d50303033383939_3_LowRes_JPG.JPG
wi436753,NL ah,AH Biologisch Rundergehakt 500 g ,1,,Vlees. kip. vis. vega/Rundergehakt,,23572,9.64,,,500 g,4.82,,,https://static.ah.nl/static/product/AHI_434d5038353731333930_3_LowRes_JPG.JPG
wi368528,NL ah,Devos Lemmens Mossel & vis 300 ml ,1,,Soepen. conserven. sauzen. smaakmakers/Mosselsaus,,15164,9.633333333,,,300 ml,2.89,,,https://static.ah.nl/static/product/AHI_434d50323536333437_1_LowRes_JPG.JPG
wi199715,NL ah,AH Mager rundergehakt 300 g ,1,,Vlees. kip. vis. vega/Rundergehakt,,23572,9.633333333,,,300 g,2.89,,,https://static.ah.nl/static/product/AHI_434d50303430333138_3_LowRes_JPG.JPG
wi201935,NL ah,Brunswick Sardines hot peppers 106 g ,1,,Soepen. conserven. sauzen. smaakmakers/Sardines (conserven),,15088,9.622641509,,,106 g,1.02,,,https://static.ahold.com/cmgtcontent/media//001535900/000/001535910_001_201935_708.jpg
wi201956,NL ah,Brunswick Sardines in soja olie 106 g ,1,,Soepen. conserven. sauzen. smaakmakers/Sardines (conserven),,15088,9.622641509,,,106 g,1.02,,,https://static.ah.nl/static/product/AHI_434d50303331333935_1_LowRes_JPG.JPG
wi401343,NL ah,Lassie Builtjes quinoa 300 g ,1,,Pasta. rijst. internationale keuken/Quinoa,,20035,9.566666667,,,300 g,2.87,,,https://static.ah.nl/static/product/AHI_434d5032393338373138_1_LowRes_JPG.JPG
wi407802,NL ah,AH Vrij van gluten lasagnebladen 250 g ,1,,Pasta. rijst. internationale keuken/Lasagnebladen (glutenvrij),,20420,9.56,,,250 g,2.39,,,https://static.ah.nl/static/product/AHI_434d50323833363134_3_LowRes_JPG.JPG
wi450153,NL ah,La Morena Maïstortilla met chipotle 250 g ,1,,Pasta. rijst. internationale keuken/Tortilla. wrap. burrito,,18450,9.56,,,250 g,2.39,,,
wi450152,NL ah,La Morena Blauwe maïstortilla's 10 stuks ,1,,Pasta. rijst. internationale keuken/Tortilla. wrap. burrito,,18450,9.56,,,10 stuks,2.39,,,
wi450151,NL ah,La Morena Gele maïstortilla 10 stuks ,1,,Pasta. rijst. internationale keuken/Tortilla. wrap. burrito,,18450,9.56,,,10 stuks,2.39,,,https://static.ahold.com/cmgtcontent/media//002115600/000/002115682_001_450151_708.jpg
wi449881,NL ah,Samasaya Satésaus mild 230 ml ,1,,Pasta. rijst. internationale keuken/Satésaus,,27059,9.52173913,,,230 ml,2.19,,,
wi449873,NL ah,Samasaya Satésaus pikant 230 ml ,1,,Pasta. rijst. internationale keuken/Satésaus,,27059,9.52173913,,,230 ml,2.19,,,
wi449870,NL ah,Samasaya Pindasaus voor groenten (gado gado) 230 ml ,1,,Pasta. rijst. internationale keuken/Satésaus,,27059,9.52173913,,,230 ml,2.19,,,
wi41113/,NL ah,AH Kleintje gesneden champignons 125 g ,1,,Aardappel. groente. fruit/Champignons (vers),,11260,9.52,,,125 g,1.19,,,https://static.ah.nl/static/product/AHI_434d50303330373637_8_LowRes_JPG.JPG
wi173112,NL ah,Dorset Cereals honey-granola 325 g ,1,,Ontbijtgranen. broodbeleg. tussendoor/Granola (noten),,08037,9.507692308,,,325 g,3.09,,,https://static.ah.nl/static/product/AHI_434d50363030353439_1_LowRes_JPG.JPG
wi436762,NL ah,AH Biologisch Half-om-half gehakt 300 g ,1,,Vlees. kip. vis. vega/Gehakt (half-om-half),,10972,9.5,,,300 g,2.85,,,https://static.ah.nl/static/product/AHI_434d5038393737313030_2_LowRes_JPG.JPG
wi406905,NL ah,AH Kipdijreepjes shoarma 650 g ,1,,Vlees. kip. vis. vega/Kipfilet - reepjes,,05314,9.476923077,,,650 g,6.16,,,https://static.ah.nl/static/product/AHI_434d50323737363836_1_LowRes_JPG.JPG
wi370823,NL ah,AH Magere shoarmareepjes 500 g ,1,,Vlees. kip. vis. vega/Shoarma,,10972,9.46,,,500 g,4.73,,,https://static.ah.nl/static/product/AHI_434d50323232343739_7_LowRes_JPG.JPG
wi380543,NL ah,AH Cavolo nero 200 g ,1,,Aardappel. groente. fruit/Boerenkool (vers),,11233,9.45,,,200 g,1.89,,,https://static.ah.nl/static/product/AHI_434d50323239393139_1_LowRes_JPG.JPG
wi187574,NL ah,AH Runder riblap Iers ca. 700 g ,1,,Vlees. kip. vis. vega/Runderlappen,,23572,9.41,,700.00 g,ca. 700 g,6.59,,,https://static.ah.nl/static/product/AHI_434d50313331373530_7_LowRes_JPG.JPG
wi199778,NL ah,AH Hollandse runderballetjes 12 stuks ,1,,Vlees. kip. vis. vega/Gehaktbal (rundvlees),,23572,9.39,,,12 stuks,3.38,,,https://static.ah.nl/static/product/AHI_43545236323031303236_1_LowRes_JPG.JPG
wi417119,NL ah,Eat Natural Granooolala cacao 425 g ,1,,Ontbijtgranen. broodbeleg. tussendoor/Granola (chocolade),,08037,9.388235294,,,425 g,3.99,,,https://static.ahold.com/cmgtcontent/media//001770000/000/001770072_001_417119_708.jpg
wi417121,NL ah,Eat Natural Granooolala coffee & walnuts 425 g ,1,,Ontbijtgranen. broodbeleg. tussendoor/Granola (noten),,08037,9.388235294,,,425 g,3.99,,,https://static.ahold.com/cmgtcontent/media//001770000/000/001770068_001_417121_708.jpg
wi417120,NL ah,Eat Natural Granooolala speculaas spices 425 g ,1,,Ontbijtgranen. broodbeleg. tussendoor/Granola (noten),,08037,9.388235294,,,425 g,3.99,,,https://static.ahold.com/cmgtcontent/media//001770000/000/001770070_001_417120_708.jpg
wi198368,NL ah,Morjon Sardines in sojaolie 120 g ,1,,Soepen. conserven. sauzen. smaakmakers/Sardines (conserven),,15088,9.333333333,,,120 g,1.12,,,https://static.ahold.com/cmgtcontent/media//001483800/000/001483846_001_198368_708.jpg
wi167242,NL ah,Wijko Satésaus kant-en-klaar mini 120 g ,1,,Pasta. rijst. internationale keuken/Satésaus,,27059,9.333333333,,,120 g,1.12,,,https://static.ah.nl/static/product/AHI_434d50323736343731_1_LowRes_JPG.JPG
wi437184,NL ah,Leev Bio granola chocolade & kokos 350 g ,1,,Ontbijtgranen. broodbeleg. tussendoor/Granola (chocolade),,08037,9.257142857,,,350 g,3.24,,,https://static.ahold.com/cmgtcontent/media//001961800/000/001961800_001_437184_708.jpg
wi437183,NL ah,Leev Bio granola noten zaden 350 g ,1,,Ontbijtgranen. broodbeleg. tussendoor/Granola (noten),,08037,9.257142857,,,350 g,3.24,,,https://static.ahold.com/cmgtcontent/media//001961700/000/001961798_001_437183_708.jpg
wi232381,NL ah,Hebro Saté babi 172 g ,1,,Vlees. kip. vis. vega/Varkenssate (diepvries),,10972,9.244186047,,,172 g,1.59,,,https://static.ah.nl/static/product/AHI_434d50313934323332_1_LowRes_JPG.JPG
wi183638,NL ah,Carbonell Extra virgen Spaanse olijfolie 500 ml ,1,,Pasta. rijst. internationale keuken/Extra vierge dagelijks,,04053,9.24,,,500 ml,4.62,,,https://static.ahold.com/cmgtcontent/media//001335600/000/001335620_002_183638_708.jpg
wi219967,NL ah,AH Streng gedroogde knoflook 500 g ,1,,Aardappel. groente. fruit/Knoflook (vers),,11215,9.24,,,500 g,4.62,,,https://static.ah.nl/static/product/AHI_43545236353537343936_1_LowRes_JPG.JPG
wi193236,NL ah,AH Roomboter ongezouten 250 g ,1,,Zuivel. eieren/Ongezouten roomboter,,01145,9.24,,,250 g,2.31,,,https://static.ah.nl/static/product/AHI_434d50303034373832_3_LowRes_JPG.JPG
wi429758,NL ah,Bertolli Olijfolie extra vergine originale 1 l ,1,,Pasta. rijst. internationale keuken/Extra vierge dagelijks,,04053,9.24,,,1 l,9.24,,,https://static.ah.nl/static/product/AHI_4354525f36303931363432_1_LowRes_JPG.JPG
wi443648,NL ah,AH Kipfiletreepjes 300 g ,1,,Vlees. kip. vis. vega/Kipfilet - reepjes,,05314,9.233333333,,,300 g,2.77,,,https://static.ah.nl/static/product/AHI_43545236313436323535_1_LowRes_JPG.JPG
wi413602,NL ah,Mister Kitchen's Pindakaas super crunchy 300 g ,1,,Ontbijtgranen. broodbeleg. tussendoor/Pindakaas,,16398,9.233333333,,,300 g,2.77,,,https://static.ahold.com/cmgtcontent/media//001732100/000/001732172_003_413602_708.jpg
wi369982,NL ah,Semper Linguini pasta di lucca bio glutenvrij 300 g ,1,,Bewuste voeding/Glutenvrije pasta (houdbaar),,20420,9.233333333,,,300 g,2.77,,,https://static.ahold.com/cmgtcontent/media//001346000/000/001346004_001_369982_708.jpg
wi369988,NL ah,Semper Sedani pasta di lucca bio glutenvrij 300 g ,1,,Bewuste voeding/Glutenvrije pasta (houdbaar),,20420,9.233333333,,,300 g,2.77,,,https://static.ahold.com/cmgtcontent/media//001345900/000/001345996_001_369988_708.jpg
wi387943,NL ah,Bonduelle Edamame bonen 155 g ,1,,Soepen. conserven. sauzen. smaakmakers/Groenemix (conserven),,11211,9.225806452,,,155 g,1.43,,,https://static.ahold.com/cmgtcontent/media//001521500/000/001521514_001_387943_708.jpg
wi169238,NL ah,AH Hamburgers 2 stuks ,1,,Vlees. kip. vis. vega/Hamburger (vers),,23572,9.2,,,2 stuks,1.84,,,https://static.ah.nl/static/product/AHI_434d50303134373537_11_LowRes_JPG.JPG
wi417525,NL ah,Santa Maria Mini tortilla original 8 stuks ,1,,Pasta. rijst. internationale keuken/Tortilla. wrap. burrito,,18450,9.2,,,8 stuks,1.84,,,https://static.ah.nl/static/product/AHI_434d5032393338373039_1_LowRes_JPG.JPG
wi437378,NL ah,AH Biologisch Granola 4 noten 325 g ,1,,Ontbijtgranen. broodbeleg. tussendoor/Granola (noten),,08037,9.2,,,325 g,2.99,,,https://static.ah.nl/static/product/AHI_434d503130353832373237_1_LowRes_JPG.JPG
wi417052,NL ah,Del Mare Kabeljauwfilet 675 g ,1,,Vlees. kip. vis. vega/Kabeljauw (diepvries),,15015,9.17037037,,,675 g,6.19,,,https://static.ahold.com/cmgtcontent/media//001770000/000/001770086_003_417052_708.jpg
wi187581,NL ah,AH Satégehaktschnitzel 250 g ,1,,Vlees. kip. vis. vega/Schnitzel,,10972,9.16,,,250 g,2.29,,,https://static.ah.nl/static/product/AHI_434d50313334373139_2_LowRes_JPG.JPG
wi450402,NL ah,De Cecco Pappardelle matassine uovo 250 g ,1,,Pasta. rijst. internationale keuken/Pappardelle (houdbaar),,20420,9.16,,,250 g,2.29,,,https://static.ahold.com/cmgtcontent/media//002088600/000/002088698_005_450402_708.jpg
wi400409,NL ah,John West Haringfilets in currysaus MSC 170 g ,1,,Soepen. conserven. sauzen. smaakmakers/Haring (conserven),,15041,9.117647059,,,170 g,1.55,,,https://static.ahold.com/cmgtcontent/media//001602300/000/001602322_002_400409_708.jpg
wi410025,NL ah,John West Haringfilets in tomatensaus MSC 170 g ,1,,Soepen. conserven. sauzen. smaakmakers/Haring (conserven),,15041,9.117647059,,,170 g,1.55,,,https://static.ahold.com/cmgtcontent/media//001689000/000/001689020_002_410025_708.jpg
wi429174,NL ah,Calvé Pindakaas extra crunchy 350 g ,1,,Ontbijtgranen. broodbeleg. tussendoor/Pindakaas,,16398,9.114285714,,,350 g,3.19,,,https://static.ah.nl/static/product/AHI_434d5038323935373232_2_LowRes_JPG.JPG
wi384177,NL ah,Philadelphia Roomkaas original family pack 300 g ,1,,Ontbijtgranen. broodbeleg. tussendoor/Roomkaas (naturel),,01017,9.1,,,300 g,2.73,,,https://static.ahold.com/cmgtcontent/media//001453500/000/001453562_003_384177_708.jpg
wi183626,NL ah,Princes Sardines zonnebloemolie 120 g ,1,,Soepen. conserven. sauzen. smaakmakers/Sardines (conserven),,15088,9.083333333,,,120 g,1.09,,,https://static.ahold.com/cmgtcontent/media//001672500/000/001672504_001_183626_708.jpg
wi413608,NL ah,Whole Earth Original crunchy peanutbutter 454 g ,1,,Ontbijtgranen. broodbeleg. tussendoor/Pindakaas,,16398,9.030837004,,,454 g,4.1,,,https://static.ahold.com/cmgtcontent/media//001732100/000/001732162_001_413608_708.jpg
wi413606,NL ah,Whole Earth Smooth peanutbutter 454 g ,1,,Ontbijtgranen. broodbeleg. tussendoor/Pindakaas,,16398,9.030837004,,,454 g,4.1,,,https://static.ah.nl/static/product/AHI_4b525436303033343930_1_LowRes_JPG.JPG
wi389174,NL ah,Hak Linzen doperwten mais mix 215 g ,1,,Soepen. conserven. sauzen. smaakmakers/Linzenmix,,16070,9.023255814,,,215 g,1.94,,,https://static.ahold.com/cmgtcontent/media//001555500/000/001555594_001_389174_708.jpg
wi106506,NL ah,AH Excellent Olijfolie extra vierge Spaans 500 ml ,1,,Pasta. rijst. internationale keuken/Extra vierge specialiteiten,,04053,9.02,,,500 ml,4.51,,,https://static.ah.nl/static/product/AHI_434d5035313030363133_1_LowRes_JPG.JPG
wi365809,NL ah,Filippo Berio Olive oil 500 ml ,1,,Pasta. rijst. internationale keuken/Olijfolie basis,,04053,9.02,,,500 ml,4.51,,,https://static.ahold.com/cmgtcontent/media//001294500/000/001294594_003_365809_708.jpg
wi121663,NL ah,Monini Classico extra vierge olijfolie 500 ml ,1,,Pasta. rijst. internationale keuken/Extra vierge dagelijks,,04053,9.02,,,500 ml,4.51,,,https://static.ah.nl/static/product/AHI_434d50303235363933_3_LowRes_JPG.JPG
wi48410/,NL ah,Mon Chou Zacht en luchtig 200 g ,1,,Ontbijtgranen. broodbeleg. tussendoor/Roomkaas (naturel),,01017,9,,,200 g,1.8,,,https://static.ahold.com/cmgtcontent/media//001840600/000/001840684_001_48410_708.jpg
wi434463,NL ah,Calvé Pindakaas bio 350 g ,1,,Ontbijtgranen. broodbeleg. tussendoor/Pindakaas,,16398,9,,,350 g,3.15,,,https://static.ah.nl/static/product/AHI_43545236323036363733_2_LowRes_JPG.JPG
wi32847/,NL ah,Calvé Pindakaas met stukjes pinda 350 g ,1,,Ontbijtgranen. broodbeleg. tussendoor/Pindakaas,,16398,9,,,350 g,3.15,,,https://static.ah.nl/static/product/AHI_434d5035333133333638_2_LowRes_JPG.JPG
wi374223,NL ah,Hak Linzen 205 g ,1,,Soepen. conserven. sauzen. smaakmakers/Linzen (conserven),,16070,8.975609756,,,205 g,1.84,,,https://static.ah.nl/static/product/AHI_434d50323232343632_1_LowRes_JPG.JPG
wi439543,NL ah,Campina Botergoud roomboter ongezouten 400 g ,1,,Zuivel. eieren/Ongezouten roomboter,,01145,8.975,,,400 g,3.59,,,https://static.ahold.com/cmgtcontent/media//001975800/000/001975836_002_439543_708.jpg
wi437175,NL ah,Quaker Super goodness nuts 400 g ,1,,Ontbijtgranen. broodbeleg. tussendoor/Granola (noten),,08037,8.975,,,400 g,3.59,,,https://static.ahold.com/cmgtcontent/media//001966600/000/001966686_001_437175_708.jpg
wi437178,NL ah,Quaker Super goodness seeds 400 g ,1,,Ontbijtgranen. broodbeleg. tussendoor/Granola (naturel),,08037,8.975,,,400 g,3.59,,,https://static.ahold.com/cmgtcontent/media//001966600/000/001966692_001_437178_708.jpg
wi129311,NL ah,Calvé Pindakaas creamy 350 g ,1,,Ontbijtgranen. broodbeleg. tussendoor/Pindakaas,,16398,8.971428571,,,350 g,3.14,,,https://static.ah.nl/static/product/AHI_434d5038353731333837_2_LowRes_JPG.JPG
wi150888,NL ah,Calvé Pindakaas light 350 g ,1,,Ontbijtgranen. broodbeleg. tussendoor/Pindakaas,,16398,8.971428571,,,350 g,3.14,,,https://static.ah.nl/static/product/AHI_4354525f36303931363637_2_LowRes_JPG.JPG
wi369971,NL ah,AH Kleintje bloemkool- en broccoliroosjes 200 g ,1,,Aardappel. groente. fruit/Bloemkool (vers),,11135,8.95,,,200 g,1.79,,,https://static.ah.nl/static/product/AHI_434d50323233353437_3_LowRes_JPG.JPG
wi230674,NL ah,AH Kleintje bloemkoolroosjes 200 g ,1,,Aardappel. groente. fruit/Bloemkool (vers),,11135,8.95,,,200 g,1.79,,,https://static.ah.nl/static/product/AHI_434d50323633343737_1_LowRes_JPG.JPG
wi412512,NL ah,Lola Quinoa noten en pitten 275 g ,1,,Pasta. rijst. internationale keuken/Quinoa,,20035,8.945454545,,,275 g,2.46,,,https://static.ahold.com/cmgtcontent/media//001716000/000/001716072_002_412512_708.jpg
wi169813,NL ah,AH Salade ui per bosje ,1,,Aardappel. groente. fruit/Bosuien,,11282,8.9,,,per bosje,0.89,,,https://static.ah.nl/static/product/AHI_434d50323432353236_1_LowRes_JPG.JPG
wi193247,NL ah,AH Fijngesneden ijsbergsla 100 g ,1,,Aardappel. groente. fruit/IJsbergsla gesneden,,11252,8.9,,,100 g,0.89,,,https://static.ah.nl/static/product/AHI_434d50323038373338_6_LowRes_JPG.JPG
wi167629,NL ah,Princes Kippers in zonnebloemolie 190 g ,1,,Soepen. conserven. sauzen. smaakmakers/Haring (conserven),,15041,8.894736842,,,190 g,1.69,,,https://static.ah.nl/static/product/AHI_434d50303234353537_1_LowRes_JPG.JPG
wi183639,NL ah,Carbonell Traditioneel Spaanse olijfolie 500 ml ,1,,Pasta. rijst. internationale keuken/Olijfolie basis,,04053,8.82,,,500 ml,4.41,,,https://static.ah.nl/static/product/AHI_434d50323338303437_1_LowRes_JPG.JPG
wi101132,NL ah,AH Biologisch Kastanje champignons 250 g ,1,,Aardappel. groente. fruit/Champignons (vers),,11260,8.76,,,250 g,2.19,,,https://static.ah.nl/static/product/AHI_4354525f36303732353333_2_LowRes_JPG.JPG
wi378693,NL ah,AH Gesneden champignons 250 g ,1,,Aardappel. groente. fruit/Champignons (vers),,11260,8.76,,,250 g,2.19,,,https://static.ah.nl/static/product/AHI_434d50323237353633_3_LowRes_JPG.JPG
wi167616,NL ah,Princes Haring in milde tomatensaus 200 g ,1,,Soepen. conserven. sauzen. smaakmakers/Haring (conserven),,15041,8.75,,,200 g,1.75,,,https://static.ah.nl/static/product/AHI_434d50363139373231_1_LowRes_JPG.JPG
wi194758,NL ah,Wijko Hot satésaus kant&klaar 120 g ,1,,Pasta. rijst. internationale keuken/Satésaus,,27059,8.75,,,120 g,1.05,,,https://static.ah.nl/static/product/AHI_43545236373732303733_1_LowRes_JPG.JPG
wi426865,NL ah,AH Slowcooked barbecue Ham ca. 480 ,1,,Vlees. kip. vis. vega/Ovenklaar varkensvlees,,10972,8.73,,,ca. 480,4.19,,,https://static.ah.nl/static/product/AHI_434d5033323034353331_1_LowRes_JPG.JPG
wi397377,NL ah,AH Biologisch Tofu Oosterse roerbakreepjes zoet 180 g ,1,,Vlees. kip. vis. vega/Tofu (vegetarisch),,16427,8.722222222,,,180 g,1.57,,,https://static.ah.nl/static/product/AHI_434d50323632333139_1_LowRes_JPG.JPG
wi58091/,NL ah,AH Biologisch Tofu roerbakgehakt fijn gekruid 180 g ,1,,Vlees. kip. vis. vega/Tofu (vegetarisch),,16427,8.722222222,,,180 g,1.57,,,https://static.ah.nl/static/product/AHI_43545236383434333337_1_LowRes_JPG.JPG
wi123819,NL ah,AH Biologisch Tofu roerbakreepjes fijn gekruid 180 g ,1,,Vlees. kip. vis. vega/Tofu (vegetarisch),,16427,8.722222222,,,180 g,1.57,,,https://static.ah.nl/static/product/AHI_434d50313533353536_4_LowRes_JPG.JPG
wi98642/,NL ah,AH Biologisch Tofu roerbakreepjes pittig gekruid 180 g ,1,,Vlees. kip. vis. vega/Tofu (vegetarisch),,16427,8.722222222,,,180 g,1.57,,,https://static.ah.nl/static/product/AHI_43545236383434333431_1_LowRes_JPG.JPG
wi437985,NL ah,AH Granola vijg-pistache 320 g ,1,,Ontbijtgranen. broodbeleg. tussendoor/Granola (fruit),,08037,8.71875,,,320 g,2.79,,,https://static.ah.nl/static/product/AHI_434d503130313938373731_1_LowRes_JPG.JPG
wi429756,NL ah,Bertolli Olijfolie classico 1 l ,1,,Pasta. rijst. internationale keuken/Olijfolie basis,,04053,8.69,,,1 l,8.69,,,https://static.ah.nl/static/product/AHI_434d50323739373331_1_LowRes_JPG.JPG
wi401384,NL ah,Bonduelle Mais & olijven 165 g ,1,,Aardappel. groente. fruit/Maiskorrels (conserven),,11167,8.666666667,,,165 g,1.43,,,https://static.ahold.com/cmgtcontent/media//001613500/000/001613570_001_401384_708.jpg
151743BA,NL jumbo,Jumbo Biologische Half om Half Gehakt 300g,1,,Vlees. vis. vegetarisch,,10972,8.633333333,,,300 g,2.59,,,https://static-images.jumbo.com/product_images/151743BAK-1_720x720.png
wi163555,NL ah,AH Excellent Australische olijfolie 500 ml ,1,,Pasta. rijst. internationale keuken/Extra vierge specialiteiten,,04053,8.62,,,500 ml,4.31,,,https://static.ah.nl/static/product/AHI_434d50303235363832_1_LowRes_JPG.JPG
wi106507,NL ah,AH Excellent Olijfolie extra vierge Grieks 500 ml ,1,,Pasta. rijst. internationale keuken/Extra vierge specialiteiten,,04053,8.62,,,500 ml,4.31,,,https://static.ah.nl/static/product/AHI_434d5035313030363436_1_LowRes_JPG.JPG
wi404283,NL ah,AH Gesneden rode uien 150 g ,1,,Aardappel. groente. fruit/Voorgesneden uien,,11282,8.6,,,150 g,1.29,,,https://static.ah.nl/static/product/AHI_434d50323730393634_4_LowRes_JPG.JPG
wi395939,NL ah,AH Kleintje boerenkool 150 g ,1,,Aardappel. groente. fruit/Boerenkool (vers),,11233,8.6,,,150 g,1.29,,,https://static.ah.nl/static/product/AHI_434d50323633343730_1_LowRes_JPG.JPG
wi104817,NL ah,AH Rauwkost peen julienne 150 g ,1,,Aardappel. groente. fruit/Peen julienne,,11124,8.6,,,150 g,1.29,,,https://static.ah.nl/static/product/AHI_434d50323130303635_2_LowRes_JPG.JPG
wi197210,NL ah,AH Kipfilet naturel 600 g ,1,,Vlees. kip. vis. vega/Kipfilet - stuk,,05314,8.566666667,,,600 g,5.14,,,https://static.ah.nl/static/product/AHI_434d50313236343435_8_LowRes_JPG.JPG
wi199922,NL ah,AH Biologisch Kalamata olijven zonder pit 240 g ,1,,Pasta. rijst. internationale keuken/Zwarte olijven,,09193,8.541666667,,,240 g,2.05,,,https://static.ah.nl/static/product/AHI_434d50323035353235_1_LowRes_JPG.JPG
wi385888,NL ah,Lola Quinoa volkoren 300 g ,1,,Pasta. rijst. internationale keuken/Quinoa,,20035,8.533333333,,,300 g,2.56,,,https://static.ahold.com/cmgtcontent/media//001483100/000/001483130_002_385888_708.jpg
wi439534,NL ah,Danone Hüttenkäse tomaten tapenade 175 g ,1,,Kaas. vleeswaren. delicatessen/Huttenkase,,01012,8.514285714,,,175 g,1.49,,,https://static.ah.nl/static/product/AHI_4b525436303032353434_1_LowRes_JPG.JPG
wi187589,NL ah,AH Rundervinken 3 stuks ,1,,Vlees. kip. vis. vega/Rundervinken,,23572,8.5,,,3 stuks,2.55,,,https://static.ah.nl/static/product/AHI_434d50313333323632_4_LowRes_JPG.JPG
wi198369,NL ah,Morjon Sardines in sojaolie met tabasco 120 g ,1,,Soepen. conserven. sauzen. smaakmakers/Sardines (conserven),,15088,8.5,,,120 g,1.02,,,https://static.ahold.com/cmgtcontent/media//001483800/000/001483848_001_198369_708.jpg
wi230848,NL ah,AH Kleintje gebroken sperziebonen 200 g ,1,,Aardappel. groente. fruit/Sperziebonen (vers),,11052,8.45,,,200 g,1.69,,,https://static.ah.nl/static/product/AHI_434d50323633343731_3_LowRes_JPG.JPG
wi80100/,NL ah,AH Excellent Olijfolie extra vierge Italiaans 500 ml ,1,,Pasta. rijst. internationale keuken/Extra vierge specialiteiten,,04053,8.42,,,500 ml,4.21,,,https://static.ah.nl/static/product/AHI_434d5035313030363138_1_LowRes_JPG.JPG
wi384976,NL ah,Zanetti Mozzarella di bufala Campana DOP 500 g ,1,,Kaas. vleeswaren. delicatessen/Mozzarella,,43597,8.38,,,500 g,4.19,,,https://static.ahold.com/cmgtcontent/media//001473000/000/001473098_001_384976_708.jpg
wi232338,NL ah,AH Shoarmareepjes 250 g ,1,,Vlees. kip. vis. vega/Shoarma,,10972,8.36,,,250 g,2.09,,,https://static.ah.nl/static/product/AHI_434d50313737343839_7_LowRes_JPG.JPG
wi187604,NL ah,AH Gepaneerde schnitzel 2 stuks ,1,,Vlees. kip. vis. vega/Schnitzel,,10972,8.3,,,2 stuks,2.49,,,https://static.ah.nl/static/product/AHI_434d50313333323739_7_LowRes_JPG.JPG
wi421579,NL ah,Bonduelle Gegrilde mais 370 g ,1,,Diepvries/Mais (diepvries),,11167,8.297297297,,,370 g,3.07,,,https://static.ahold.com/cmgtcontent/media//001826000/000/001826084_001_421579_708.jpg
wi187585,NL ah,AH Filetlapjes à la minute gemarineerd 350 g ,1,,Vlees. kip. vis. vega/Filetlappen,,10972,8.257142857,,,350 g,2.89,,,https://static.ah.nl/static/product/AHI_43545236323332383030_1_LowRes_JPG.JPG
wi187584,NL ah,AH Filetlapjes à la minute naturel 350 g ,1,,Vlees. kip. vis. vega/Filetlappen,,10972,8.257142857,,,350 g,2.89,,,https://static.ah.nl/static/product/AHI_434d50313331373836_4_LowRes_JPG.JPG
wi67707/,NL ah,AH Biologisch Kiwi 4 stuks ,1,,Aardappel. groente. fruit/Kiwi,,09148,8.23,,,4 stuks,2.69,,,https://static.ah.nl/static/product/AHI_434d50303138353030_3_LowRes_JPG.JPG
wi792/ah,NL ah,AH Kabeljauw 400 g ,1,,Vlees. kip. vis. vega/Kabeljauw (diepvries),,15015,8.225,,,400 g,3.29,,,https://static.ah.nl/static/product/AHI_434d50303035343036_1_LowRes_JPG.JPG
wi229094,NL ah,AH Sable druif 400 g ,1,,Aardappel. groente. fruit/Verse blauwe druiven,,09132,8.225,,,400 g,3.29,,,https://static.ah.nl/static/product/AHI_43545236383333323435_1_LowRes_JPG.JPG
wi418170,NL ah,AH Boerengehakt schnitzel 625 g ,1,,Vlees. kip. vis. vega/Schnitzel,,10972,8.224,,,625 g,5.14,,,https://static.ah.nl/static/product/AHI_434d50373339373633_1_LowRes_JPG.JPG
wi435951,NL ah,AH Biologisch Bulgur & quinoa 300 g ,1,,Pasta. rijst. internationale keuken/Bulgur,,20012,8.2,,,300 g,2.46,,,https://static.ah.nl/static/product/AHI_434d5037333731393435_2_LowRes_JPG.JPG
wi435952,NL ah,AH Biologisch Drie kleuren quinoa 300 g ,1,,Pasta. rijst. internationale keuken/Quinoa,,20035,8.2,,,300 g,2.46,,,https://static.ah.nl/static/product/AHI_434d5037333731393434_2_LowRes_JPG.JPG
wi435956,NL ah,AH Biologisch Quinoa 300 g ,1,,Pasta. rijst. internationale keuken/Quinoa,,20035,8.2,,,300 g,2.46,,,https://static.ah.nl/static/product/AHI_434d5037333732313538_2_LowRes_JPG.JPG
wi435954,NL ah,AH Biologisch Quinoa plus 300 g ,1,,Pasta. rijst. internationale keuken/Quinoa,,20035,8.2,,,300 g,2.46,,,https://static.ah.nl/static/product/AHI_434d5037333731393438_2_LowRes_JPG.JPG
wi435969,NL ah,AH Biologisch Rijst & quinoa 300 g ,1,,Pasta. rijst. internationale keuken/Quinoa,,20035,8.2,,,300 g,2.46,,,https://static.ah.nl/static/product/AHI_434d5037333731373336_2_LowRes_JPG.JPG
wi435960,NL ah,AH Biologisch Volkoren couscous 300 g ,1,,Pasta. rijst. internationale keuken/Couscous - naturel,,20028,8.2,,,300 g,2.46,,,https://static.ah.nl/static/product/AHI_434d5037333732313632_2_LowRes_JPG.JPG
wi435967,NL ah,AH Witte quinoa 300 g ,1,,Pasta. rijst. internationale keuken/Quinoa,,20035,8.2,,,300 g,2.46,,,https://static.ah.nl/static/product/AHI_434d5037343734373735_1_LowRes_JPG.JPG
wi436414,NL ah,AH Biologisch Linguine integrali organic vegan 250 g ,1,,Pasta. rijst. internationale keuken/Spaghetti (houdbaar),,20420,8.2,,,250 g,2.05,,,https://static.ah.nl/static/product/AHI_434d5037383630383231_1_LowRes_JPG.JPG
wi411089,NL ah,AH Biologisch Verse tagliatelle 250 g ,1,,Verse kant-en-klaar maaltijden. salades/Tagliatelli. fettucini. linguine (vers),,20420,8.2,,,250 g,2.05,,,https://static.ah.nl/static/product/AHI_4354525f36303637393931_1_LowRes_JPG.JPG
wi124431,NL ah,AH Hazelnoten 250 g ,1,,Snoep. koek. chips/Hazelnoten (zakje),,12120,8.2,,,250 g,2.05,,,https://static.ah.nl/static/product/AHI_434d50303434303630_3_LowRes_JPG.JPG
wi160914,NL ah,AH Verse lasagne all'uovo 250 g ,1,,Pasta. rijst. internationale keuken/Lasagnebladen (vers),,20420,8.2,,,250 g,2.05,,,https://static.ah.nl/static/product/AHI_434d50303033393035_4_LowRes_JPG.JPG
wi136425,NL ah,AH Verse pappardelle all'uovo 250 g ,1,,Pasta. rijst. internationale keuken/Pappardelle (vers),,20420,8.2,,,250 g,2.05,,,https://static.ah.nl/static/product/AHI_434d50313932373730_3_LowRes_JPG.JPG
wi142435,NL ah,AH Verse ravioli 5 formaggio 250 g ,1,,Pasta. rijst. internationale keuken/Ravioli (vers),,20420,8.2,,,250 g,2.05,,,https://static.ah.nl/static/product/AHI_434d50303133313531_4_LowRes_JPG.JPG
wi103429,NL ah,AH Verse ravioli ai funghi porcini 250 g ,1,,Pasta. rijst. internationale keuken/Ravioli (vers),,20420,8.2,,,250 g,2.05,,,https://static.ah.nl/static/product/AHI_434d50313936323139_3_LowRes_JPG.JPG
wi411083,NL ah,AH Verse ravioli bolognese 250 g ,1,,Pasta. rijst. internationale keuken/Ravioli (vers),,20420,8.2,,,250 g,2.05,,,https://static.ah.nl/static/product/AHI_434d50323834393237_1_LowRes_JPG.JPG
wi59296/,NL ah,AH Verse ravioli formaggio e pomodoro 250 g ,1,,Pasta. rijst. internationale keuken/Ravioli (vers),,20420,8.2,,,250 g,2.05,,,https://static.ah.nl/static/product/AHI_434d50313833323732_3_LowRes_JPG.JPG
wi173967,NL ah,AH Verse spaghetti al basilico 250 g ,1,,Pasta. rijst. internationale keuken/Spaghetti (vers),,20420,8.2,,,250 g,2.05,,,https://static.ah.nl/static/product/AHI_434d50303432303437_4_LowRes_JPG.JPG
wi168206,NL ah,AH Verse spaghetti all'uovo 250 g ,1,,Pasta. rijst. internationale keuken/Spaghetti (vers),,20420,8.2,,,250 g,2.05,,,https://static.ah.nl/static/product/AHI_434d50303137343534_2_LowRes_JPG.JPG
wi56027/,NL ah,AH Verse tagliatelle all'uovo 250 g ,1,,Verse kant-en-klaar maaltijden. salades/Tagliatelli. fettucini. linguine (vers),,20420,8.2,,,250 g,2.05,,,https://static.ah.nl/static/product/AHI_434d50303137333534_2_LowRes_JPG.JPG
wi173971,NL ah,AH Verse volkorenravioli ricotta-spinazie 250 g ,1,,Pasta. rijst. internationale keuken/Ravioli (vers),,20420,8.2,,,250 g,2.05,,,https://static.ah.nl/static/product/AHI_434d50313930333939_3_LowRes_JPG.JPG
wi210485,NL ah,De Cecco Tagliatelle all'uovo nr 304 250 g ,1,,Pasta. rijst. internationale keuken/Tagliatelli. fettucini. linguine (houdbaar),,20420,8.2,,,250 g,2.05,,,https://static.ahold.com/cmgtcontent/media//001988600/000/001988616_001_210485_708.jpg
wi420944,NL ah,Kip blokjes 250 g ,1,,Vlees. kip. vis. vega/Kipfilet - blokjes,,05314,8.2,,,250 g,2.05,,,https://static.ah.nl/static/product/AHI_434d5039373839323332_1_LowRes_JPG.JPG
wi199713,NL ah,AH Slavinken 2 stuks ,1,,Vlees. kip. vis. vega/Slavinken,,10972,8.2,,,2 stuks,1.64,,,https://static.ah.nl/static/product/AHI_434d50303035383736_7_LowRes_JPG.JPG
wi365810,NL ah,Filippo Berio Olive oil extra vierge 1 l ,1,,Pasta. rijst. internationale keuken/Extra vierge specialiteiten,,04053,8.18,,,1 l,8.18,,,https://static.ah.nl/static/product/AHI_434d50323430313434_1_LowRes_JPG.JPG
wi374224,NL ah,Hak Zwarte bonen 225 g ,1,,Aardappel. groente. fruit/Zwarte bonen (conserven),,16016,8.177777778,,,225 g,1.84,,,https://static.ahold.com/cmgtcontent/media//001366700/000/001366716_001_374224_708.jpg
wi435892,NL ah,Bonduelle Kikkererwten bio 150 g ,1,,Aardappel. groente. fruit/Kikkererwten (conserven),,16056,8.133333333,,,150 g,1.22,,,https://static.ahold.com/cmgtcontent/media//001929800/000/001929890_001_435892_708.jpg
wi447692,NL ah,Deli Di Paolo Stiratini olijfolie soepstengels 150 g ,1,,Pasta. rijst. internationale keuken/Olijfolie basis,,04053,8.133333333,,,150 g,1.22,,,https://static.ahold.com/cmgtcontent/media//002052900/000/002052936_001_447692_708.jpg
wi212142,NL ah,AH Gyros 500 g ,1,,Vlees. kip. vis. vega/Gyros,,10972,8.12,,,500 g,4.06,,,https://static.ah.nl/static/product/AHI_434d50313331373138_3_LowRes_JPG.JPG
wi187580,NL ah,AH Varkensgehakt cordon bleu 280 g ,1,,Vlees. kip. vis. vega/Cordon bleu,,10972,8.035714286,,,280 g,2.25,,,https://static.ah.nl/static/product/AHI_434d50303430333439_5_LowRes_JPG.JPG
wi217159,NL ah,AH Pittige shoarmareepjes 500 g ,1,,Vlees. kip. vis. vega/Shoarma,,10972,7.98,,,500 g,3.99,,,https://static.ah.nl/static/product/AHI_434d50313333333037_6_LowRes_JPG.JPG
wi438123,NL ah,Jordans Low sugar granola almond & hazelnut 500 g ,1,,Ontbijtgranen. broodbeleg. tussendoor/Granola (noten),,08037,7.98,,,500 g,3.99,,,https://static.ahold.com/cmgtcontent/media//001967900/000/001967936_001_438123_708.jpg
wi437881,NL ah,Jordans Low sugar granola. cherry & almond 500 g ,1,,Ontbijtgranen. broodbeleg. tussendoor/Granola (noten),,08037,7.98,,,500 g,3.99,,,https://static.ahold.com/cmgtcontent/media//001968000/000/001968002_001_437881_708.jpg
wi403002,NL ah,Jordans Superberry granola 500 g ,1,,Ontbijtgranen. broodbeleg. tussendoor/Granola (fruit),,08037,7.98,,,500 g,3.99,,,https://static.ah.nl/static/product/AHI_434d5031343630373537_1_LowRes_JPG.JPG
wi451034,NL ah,AH Biologisch Witte druiven 400 g ,1,,Aardappel. groente. fruit/Verse witte druiven,,09132,7.975,,,400 g,3.19,,,https://static.ah.nl/static/product/AHI_43545236323937333034_1_LowRes_JPG.JPG
wi430641,NL ah,Looye Joyn trostomaten 375 g ,1,,Aardappel. groente. fruit/Trostomaat,,11529,7.973333333,,,375 g,2.99,,,https://static.ah.nl/static/product/AHI_434d5034353636393639_1_LowRes_JPG.JPG
wi451190,NL ah,Blue Band Net zo Lekker ongezouten 250 g ,1,,Zuivel. eieren/Ongezouten roomboter,,01145,7.96,,,250 g,1.99,,,https://static.ahold.com/cmgtcontent/media//002092600/000/002092658_002_451190_708.jpg
wi196942,NL ah,Van Vliet Perenrood 200 g ,1,,Aardappel. groente. fruit/Stoofpeertjes,,09252,7.95,,,200 g,1.59,,,https://static.ah.nl/static/product/AHI_434d50303432333935_1_LowRes_JPG.JPG
wi419558,NL ah,Goldsteig Mozzarella bolletjes 125 g ,1,,Kaas. vleeswaren. delicatessen/Mozzarella,,43597,7.92,,,125 g,0.99,,,https://static.ahold.com/cmgtcontent/media//001805100/000/001805144_001_419558_708.jpg
wi443204,NL ah,AH Pompoen lasagnebladen 350 g ,1,,Pasta. rijst. internationale keuken/Lasagnebladen (houdbaar),,20420,7.914285714,,,350 g,2.77,,,https://static.ah.nl/static/product/AHI_43545236313634363738_2_LowRes_JPG.JPG
wi374219,NL ah,Hak Kikkererwten 225 g ,1,,Aardappel. groente. fruit/Kikkererwten (conserven),,16056,7.866666667,,,225 g,1.77,,,https://static.ah.nl/static/product/AHI_434d50323334313935_1_LowRes_JPG.JPG
wi234769,NL ah,Faja Lobi Surinaamse pindakaas 360 ml ,1,,Ontbijtgranen. broodbeleg. tussendoor/Pindakaas,,16398,7.861111111,,,360 ml,2.83,,,https://static.ahold.com/cmgtcontent/media//001233500/000/001233526_002_234769_708.jpg
23076DS,NL jumbo,Blije Kip Eieren Biologisch 10 Stuks,1,,Zuivel. eieren. boter,,01123,7.857142857,,49.00 g,10 stuks,3.85,,,https://static-images.jumbo.com/product_images/160120191036_23076DS-1_720x720.png
wi425194,NL ah,AH Biologisch Wilde bosbes 250 g ,1,,Aardappel. groente. fruit/Bosbessen (vers),,09050,7.76,,,250 g,1.94,,,https://static.ah.nl/static/product/AHI_434d5032343035373835_1_LowRes_JPG.JPG
wi208513,NL ah,Grand'Italia Lasagne integrali 250 g ,1,,Pasta. rijst. internationale keuken/Lasagnebladen (houdbaar),,20420,7.76,,,250 g,1.94,,,https://static.ahold.com/cmgtcontent/media//001641700/000/001641782_001_208513_708.jpg
wi106230,NL ah,Grand'Italia Lasagne verdi 250 g ,1,,Pasta. rijst. internationale keuken/Lasagnebladen (houdbaar),,20420,7.76,,,250 g,1.94,,,https://static.ahold.com/cmgtcontent/media//001641700/000/001641798_001_106230_708.jpg
wi400468,NL ah,AH Biologisch Cottage cheese 200 g ,1,,Kaas. vleeswaren. delicatessen/Huttenkase,,01012,7.75,,,200 g,1.55,,,https://static.ah.nl/static/product/AHI_434d50323732343538_1_LowRes_JPG.JPG
wi214623,NL ah,CêlaVíta Roast potatoes met rozemarijn 425 g ,1,,Aardappel. groente. fruit/Aardappelpartjes (vers),,11352,7.741176471,,,425 g,3.29,,,https://static.ahold.com/cmgtcontent/media//000965900/000/000965960_002_214623_708.jpg
wi195430,NL ah,AH Biologisch Sperziebonen 400 g ,1,,Aardappel. groente. fruit/Sperziebonen (vers),,11052,7.725,,,400 g,3.09,,,https://static.ah.nl/static/product/AHI_434d50303038343435_3_LowRes_JPG.JPG
wi229638,NL ah,AH Cotton Candy witte druif 400 g ,1,,Aardappel. groente. fruit/Verse witte druiven,,09132,7.725,,,400 g,3.09,,,https://static.ah.nl/static/product/AHI_434d50313733303733_4_LowRes_JPG.JPG
wi381544,NL ah,AH Fijne sperziebonen 400 g ,1,,Aardappel. groente. fruit/Sperziebonen (vers),,11052,7.725,,,400 g,3.09,,,https://static.ah.nl/static/product/AHI_434d5034353531333436_1_LowRes_JPG.JPG
wi235548,NL ah,AH Varkens/ kalfsgehakt 1 kg ,1,,Vlees. kip. vis. vega/Gehakt (half-om-half),,10972,7.72,,,1 kg,7.72,,,https://static.ah.nl/static/product/AHI_434d50313832363239_1_LowRes_JPG.JPG
wi49918/,NL ah,Conimex Satésaus Javaans mild 292 g ,1,,Pasta. rijst. internationale keuken/Satésaus,,27059,7.705479452,,,292 g,2.25,,,https://static.ah.nl/static/product/AHI_434d50313231383139_6_LowRes_JPG.JPG
wi187592,NL ah,AH Mager rundergehakt 500 g ,1,,Vlees. kip. vis. vega/Rundergehakt,,23572,7.7,,,500 g,3.85,,,https://static.ah.nl/static/product/AHI_434d50313237363639_3_LowRes_JPG.JPG
wi418181,NL ah,AH Varkensbraadworst licht gekruid 400 g ,1,,Vlees. kip. vis. vega/Worst (varkensvlees),,10972,7.7,,,400 g,3.08,,,https://static.ah.nl/static/product/AHI_434d50393736353136_3_LowRes_JPG.JPG
wi235930,NL ah,AH Varkens-rundergehakt 1000 g ,1,,Vlees. kip. vis. vega/Gehakt (half-om-half),,10972,7.7,,,1000 g,7.7,,,https://static.ah.nl/static/product/AHI_434d50313739373730_1_LowRes_JPG.JPG
wi365811,NL ah,Filippo Berio Olive oil 1 l ,1,,Pasta. rijst. internationale keuken/Olijfolie basis,,04053,7.7,,,1 l,7.7,,,https://static.ah.nl/static/product/AHI_434d50323430313530_2_LowRes_JPG.JPG
wi104110,NL ah,AH Stoofpeertjes 350 g ,1,,Aardappel. groente. fruit/Stoofpeertjes,,09252,7.685714286,,,350 g,2.69,,,https://static.ah.nl/static/product/AHI_434d50323538383936_1_LowRes_JPG.JPG
wi3579/c,NL ah,Calvé Pindakaas pot 350 g ,1,,Ontbijtgranen. broodbeleg. tussendoor/Pindakaas,,16398,7.685714286,,,350 g,2.69,,,https://static.ah.nl/static/product/AHI_434d5034363030303438_2_LowRes_JPG.JPG
wi143322,NL ah,AH Witte asperges 280 g ,1,,Aardappel. groente. fruit/Asperges (conserven),,11011,7.678571429,,,280 g,2.15,,,https://static.ah.nl/static/product/AHI_434d50323132373535_1_LowRes_JPG.JPG
wi400916,NL ah,Grand'Italia Fusilli glutenvrij 400 g ,1,,Bewuste voeding/Glutenvrije pasta (houdbaar),,20420,7.675,,,400 g,3.07,,,https://static.ahold.com/cmgtcontent/media//001605600/000/001605672_002_400916_708.jpg
wi400917,NL ah,Grand'Italia Penne glutenvrij 400 g ,1,,Bewuste voeding/Glutenvrije pasta (houdbaar),,20420,7.675,,,400 g,3.07,,,https://static.ahold.com/cmgtcontent/media//001605600/000/001605650_002_400917_708.jpg
wi429393,NL ah,Calvé Pindasaus mild kant en klaar 200 g ,1,,Pasta. rijst. internationale keuken/Satésaus,,27059,7.65,,,200 g,1.53,,,https://static.ahold.com/cmgtcontent/media//001920900/000/001920990_001_429393_708.jpg
wi429394,NL ah,Calvé Pindasaus pittig kant en klaar 200 g ,1,,Pasta. rijst. internationale keuken/Satésaus,,27059,7.65,,,200 g,1.53,,,https://static.ahold.com/cmgtcontent/media//001920900/000/001920992_001_429394_708.jpg
wi195554,NL ah,Bonduelle Linzen 160 g ,1,,Soepen. conserven. sauzen. smaakmakers/Linzen (conserven),,16070,7.625,,,160 g,1.22,,,https://static.ah.nl/static/product/AHI_434d50303234373135_1_LowRes_JPG.JPG
wi437179,NL ah,Quaker Havermout proteine naturel 304 g ,1,,Ontbijtgranen. broodbeleg. tussendoor/Havermout (regular),,08120,7.598684211,,,304 g,2.31,,,https://static.ahold.com/cmgtcontent/media//001966600/000/001966694_001_437179_708.jpg
wi52354/,NL ah,Fage Total Total Griekse yoghurt naturel 170 g ,1,,Zuivel. eieren/Griekse yoghurt naturel,,01287,7.588235294,,,170 g,1.29,,,https://static.ahold.com/cmgtcontent/media//001830300/000/001830366_004_52354_708.jpg
wi60604/,NL ah,AH Biologisch Olijfolie extra vierge 500 ml ,1,,Pasta. rijst. internationale keuken/Extra vierge dagelijks,,04053,7.58,,,500 ml,3.79,,,https://static.ah.nl/static/product/AHI_434d50313936373230_1_LowRes_JPG.JPG
wi54443/,NL ah,AH Olijfolie mild 500 ml ,1,,Pasta. rijst. internationale keuken/Olijfolie mild,,04053,7.56,,,500 ml,3.78,,,https://static.ah.nl/static/product/AHI_434d50303736383930_2_LowRes_JPG.JPG
wi162672,NL ah,AH Doosjevol frambozen 250 g ,1,,Aardappel. groente. fruit/Frambozen (diepvries),,09302,7.56,,,250 g,1.89,,,https://static.ah.nl/static/product/AHI_434d50303236393135_2_LowRes_JPG.JPG
wi429615,NL ah,De Zaanse Hoeve Roomboter ongezouten 250 g ,1,,Zuivel. eieren/Ongezouten roomboter,,01145,7.56,,,250 g,1.89,,,https://static.ah.nl/static/product/AHI_434d5035333133333632_1_LowRes_JPG.JPG
wi226254,NL ah,Wijko Satésaus kant-en-klaar 250 g ,1,,Pasta. rijst. internationale keuken/Satésaus,,27059,7.56,,,250 g,1.89,,,https://static.ah.nl/static/product/AHI_434d5035363531373433_1_LowRes_JPG.JPG
wi413369,NL ah,Galbani Ricotta 450 g ,1,,Ontbijtgranen. broodbeleg. tussendoor/Roomkaas (kruiden),,01017,7.511111111,,,450 g,3.38,,,https://static.ahold.com/cmgtcontent/media//001727700/000/001727738_003_413369_708.jpg
wi129225,NL ah,AH Kipfilet 1000 g ,1,,Vlees. kip. vis. vega/Kipfilet - stuk,,05314,7.5,,,1000 g,7.5,,,https://static.ah.nl/static/product/AHI_434d50303134363932_7_LowRes_JPG.JPG
wi368686,NL ah,Morjon Premium pilchards in tomatensaus 410 g ,1,,Soepen. conserven. sauzen. smaakmakers/Sardines (conserven),,15088,7.487804878,,,410 g,3.07,,,https://static.ahold.com/cmgtcontent/media//001360500/000/001360588_001_368686_708.jpg
wi187587,NL ah,AH Speklap à la minute tandoori 350 g ,1,,Vlees. kip. vis. vega/Speklappen,,10972,7.485714286,,,350 g,2.62,,,https://static.ah.nl/static/product/AHI_434d50313334373930_4_LowRes_JPG.JPG
wi236960,NL ah,AH Biologisch Aardbeien 400 g ,1,,Aardappel. groente. fruit/Aardbeien (vers),,09316,7.475,,,400 g,2.99,,,https://static.ah.nl/static/product/AHI_434d50313934353933_4_LowRes_JPG.JPG
wi214142,NL ah,AH Snoepgroente komkommer 400 g ,1,,Bewuste voeding/Komkommer (snoepgroente),,11205,7.475,,,400 g,2.99,,,https://static.ah.nl/static/product/AHI_43545236323133393431_1_LowRes_JPG.JPG
wi401080,NL ah,Santa Maria Whole wheat tortilla 320 g ,1,,Pasta. rijst. internationale keuken/Tortilla. wrap. burrito,,18450,7.46875,,,320 g,2.39,,,https://static.ah.nl/static/product/AHI_434d50323830353231_1_LowRes_JPG.JPG
wi384977,NL ah,Zanetti Mini mozzarelle 275 g ,1,,Kaas. vleeswaren. delicatessen/Mozzarella,,43597,7.454545455,,,275 g,2.05,,,https://static.ah.nl/static/product/AHI_43545236313638383534_2_LowRes_JPG.JPG
wi425241,NL ah,AH Biologisch Geraspte bietjes 200 g ,1,,Aardappel. groente. fruit/Bietjes (vers),,11080,7.45,,,200 g,1.49,,,https://static.ah.nl/static/product/AHI_434d5032333733333834_1_LowRes_JPG.JPG
wi395979,NL ah,AH Geschoonde kleine spruitjes 200 g ,1,,Aardappel. groente. fruit/Spruiten (vers),,11098,7.45,,,200 g,1.49,,,https://static.ah.nl/static/product/AHI_434d50323630353534_3_LowRes_JPG.JPG
wi195376,NL ah,AH Zuivelspread bieslook light 200 g ,1,,Ontbijtgranen. broodbeleg. tussendoor/Roomkaas light,,01017,7.45,,,200 g,1.49,,,https://static.ah.nl/static/product/AHI_434d50303038333739_3_LowRes_JPG.JPG
wi442840,NL ah,CêlaVíta Patatas Mexicanas ovenschaal 415 g ,1,,Aardappel. groente. fruit/Ovenklare aardappelen,,11352,7.397590361,,,415 g,3.07,,,https://static.ahold.com/cmgtcontent/media//002010000/000/002010036_001_442840_708.jpg
wi411608,NL ah,EvraFish Pikante makreel 165 g ,1,,Soepen. conserven. sauzen. smaakmakers/Makreel (conserven),,15046,7.393939394,,,165 g,1.22,,,https://static.ahold.com/cmgtcontent/media//001706900/000/001706992_001_411608_708.jpg
wi187588,NL ah,AH Runderbraadworst 4 stuks ,1,,Vlees. kip. vis. vega/Worst (rundvlees),,23572,7.38,,,4 stuks,2.95,,,https://static.ah.nl/static/product/AHI_434d50313237363733_4_LowRes_JPG.JPG
wi48896/,NL ah,AH Olijfolie 500 ml ,1,,Pasta. rijst. internationale keuken/Olijfolie basis,,04053,7.38,,,500 ml,3.69,,,https://static.ah.nl/static/product/AHI_434d50303637333332_2_LowRes_JPG.JPG
wi426528,NL ah,CAP Gunpowder China green tea 250 g ,1,,Frisdrank. sappen. koffie. thee/Groene thee,,14190,7.36,,,250 g,1.84,,,https://static.ahold.com/cmgtcontent/media//001894400/000/001894408_003_426528_708.jpg
wi437986,NL ah,AH Granola noot-kweepeer 320 g ,1,,Ontbijtgranen. broodbeleg. tussendoor/Granola (noten),,08037,7.34375,,,320 g,2.35,,,https://static.ah.nl/static/product/AHI_434d503130313938373735_1_LowRes_JPG.JPG
wi226969,NL ah,AH Mosselen op zuur 350 g ,1,,Soepen. conserven. sauzen. smaakmakers/Mosselen (conserven),,15164,7.314285714,,,350 g,2.56,,,https://static.ah.nl/static/product/AHI_434d50313636363730_1_LowRes_JPG.JPG
LIDL Bio,NL LIDL,Biologisch rundergehakt,1,,Vlees,,23572,7.3,,,300.00 g,2.19,,,
wi367533,NL ah,Morjon Premium pilchards in tomatensaus 210 g ,1,,Soepen. conserven. sauzen. smaakmakers/Sardines (conserven),,15088,7.285714286,,,210 g,1.53,,,https://static.ah.nl/static/product/AHI_434d50323133303732_1_LowRes_JPG.JPG
wi41078/,NL ah,AH Uien gesneden 150 g ,1,,Aardappel. groente. fruit/Voorgesneden uien,,11282,7.266666667,,,150 g,1.09,,,https://static.ah.nl/static/product/AHI_43545236323436353530_1_LowRes_JPG.JPG
wi429054,NL ah,AH Varkenssate in bakje 160 g ,1,,Vlees. kip. vis. vega/Varkenssate (diepvries),,10972,7.25,,,160 g,1.16,,,https://static.ah.nl/static/product/AHI_434d50313739313836_4_LowRes_JPG.JPG
wi195648,NL ah,Del Monte Perziken in schijven in lichte siroop 227 g ,1,,Aardappel. groente. fruit/Perziken (conserven),,09236,7.224669604,,,227 g,1.64,,,https://static.ahold.com/cmgtcontent/media//001641000/000/001641058_002_195648_708.jpg
wi3537/b,NL ah,Bonduelle Crispy maïs 150 g ,1,,Aardappel. groente. fruit/Maiskorrels (conserven),,11167,7.2,,,150 g,1.08,,,https://static.ah.nl/static/product/AHI_434d50323235353636_1_LowRes_JPG.JPG
wi411616,NL ah,AH Varkens-kalfsgehakt 500 g ,1,,Vlees. kip. vis. vega/Rundergehakt,,23572,7.2,,,500 g,3.6,,,https://static.ah.nl/static/product/AHI_434d50323836313632_1_LowRes_JPG.JPG
wi237684,NL ah,Honig Half volkoren lasagnebladen 250 g ,1,,Pasta. rijst. internationale keuken/Lasagnebladen (houdbaar),,20420,7.2,,,250 g,1.8,,,https://static.ahold.com/cmgtcontent/media//001259200/000/001259294_003_237684_708.jpg
wi210489,NL ah,De Cecco Lasagne all'uovo n° 112 500 g ,1,,Pasta. rijst. internationale keuken/Lasagnebladen (houdbaar),,20420,7.18,,,500 g,3.59,,,https://static.ah.nl/static/product/AHI_434d50313231323731_1_LowRes_JPG.JPG
wi407808,NL ah,Peak's Vermicelli glutenvrij 500 g ,1,,,,20420,7.18,,,500 g,3.59,,,https://static.ahold.com/cmgtcontent/media//001698400/000/001698442_001_407808_708.jpg
wi449695,NL ah,Santa Maria Chunky wrap salsa medium 230 g ,1,,Pasta. rijst. internationale keuken/Tortilla. wrap. burrito,,18450,7.173913043,,,230 g,1.65,,,https://static.ahold.com/cmgtcontent/media//002065300/000/002065396_002_449695_708.jpg
wi449686,NL ah,Santa Maria Chunky wrap salsa hot 230 g ,1,,Pasta. rijst. internationale keuken/Tortilla. wrap. burrito,,18450,7.173913043,,,230 g,1.65,,,https://static.ahold.com/cmgtcontent/media//002065300/000/002065388_002_449686_708.jpg
wi4004/a,NL ah,AH Rundergehakt 300 g ,1,,Vlees. kip. vis. vega/Rundergehakt,,23572,7.166666667,,,300 g,2.15,,,https://static.ah.nl/static/product/AHI_434d50313333323834_3_LowRes_JPG.JPG
wi411617,NL ah,AH Varkens-rundergehakt 300 g ,1,,Vlees. kip. vis. vega/Rundergehakt,,23572,7.166666667,,,300 g,2.15,,,https://static.ah.nl/static/product/AHI_434d50323836313539_2_LowRes_JPG.JPG
wi2207/g,NL ah,Grand'Italia Lasagne tradizionali 250 g ,1,,Pasta. rijst. internationale keuken/Lasagnebladen (houdbaar),,20420,7.16,,,250 g,1.79,,,https://static.ah.nl/static/product/AHI_434d50343733383939_1_LowRes_JPG.JPG
wi438235,NL ah,Mona Oops! lemon cheesecake 200 g ,1,,,,01118,7.15,,,200 g,1.43,,,https://static.ah.nl/static/product/AHI_4354525f36303637393930_1_LowRes_JPG.JPG
wi222150,NL ah,Prins&Dingemanse Zeeuwse mosselen jumbo 1 kg ,1,,Vlees. kip. vis. vega/Mosselen (vers),,15164,7.15,,,1 kg,7.15,,,https://static.ah.nl/static/product/AHI_4354525f36303034383232_1_LowRes_JPG.JPG
wi198105,NL ah,Skippy Creamy 340 g ,1,,Ontbijtgranen. broodbeleg. tussendoor/Pindakaas,,16398,7.147058824,,,340 g,2.43,,,https://static.ah.nl/static/product/AHI_434d50303432323037_1_LowRes_JPG.JPG
wi198104,NL ah,Skippy Super chunk pindakaas 340 g ,1,,Ontbijtgranen. broodbeleg. tussendoor/Pindakaas,,16398,7.147058824,,,340 g,2.43,,,https://static.ah.nl/static/product/AHI_434d50303432323437_1_LowRes_JPG.JPG
wi377964,NL ah,CêlaVíta Patatas bravas Mediterraans gekruid 425 g ,1,,Aardappel. groente. fruit/Aardappelpartjes (vers),,11352,7.129411765,,,425 g,3.03,,,https://static.ahold.com/cmgtcontent/media//001393000/000/001393014_003_377964_708.jpg
wi413611,NL ah,AH Biologisch 100% pindakaas met stukjes pinda 350 g ,1,,Ontbijtgranen. broodbeleg. tussendoor/Pindakaas,,16398,7.114285714,,,350 g,2.49,,,https://static.ah.nl/static/product/AHI_434d50363030343934_1_LowRes_JPG.JPG
wi232344,NL ah,AH Gemengd gehakt gekruid 500 g ,1,,Vlees. kip. vis. vega/Gehakt (half-om-half),,10972,7.1,,,500 g,3.55,,,https://static.ah.nl/static/product/AHI_434d50313830363131_4_LowRes_JPG.JPG
wi437569,NL ah,Santa Maria Organic original tortilla 320 g ,1,,Pasta. rijst. internationale keuken/Tortilla. wrap. burrito,,18450,7.03125,,,320 g,2.25,,,https://static.ahold.com/cmgtcontent/media//001951600/000/001951654_001_437569_708.jpg
wi377316,NL ah,Calvé Pindasaus kruidig 350 g ,1,,Pasta. rijst. internationale keuken/Satésaus,,27059,7.028571429,,,350 g,2.46,,,https://static.ah.nl/static/product/AHI_43545236323030323738_1_LowRes_JPG.JPG
wi401383,NL ah,Bonduelle Zwarte bonen mini packs 2 x 106 ml ,1,,Aardappel. groente. fruit/Zwarte bonen (conserven),,16016,7.028301887,,212.00 g,2 x 106 ml,1.49,,,https://static.ahold.com/cmgtcontent/media//001613500/000/001613574_003_401383_708.jpg
wi192858,NL ah,AH Speklap à la minute naturel 5 stuks ,1,,Vlees. kip. vis. vega/Speklappen,,10972,7,,,5 stuks,2.45,,,https://static.ah.nl/static/product/AHI_434d50303636303438_6_LowRes_JPG.JPG
wi65232/,NL ah,AH Biologisch Pindakaas met stukjes pinda 350 g ,1,,Ontbijtgranen. broodbeleg. tussendoor/Pindakaas,,16398,7,,,350 g,2.45,,,https://static.ah.nl/static/product/AHI_434d50303037313532_2_LowRes_JPG.JPG
wi4011/a,NL ah,AH Rundergehakt 500 g ,1,,Vlees. kip. vis. vega/Rundergehakt,,23572,6.98,,,500 g,3.49,,,https://static.ah.nl/static/product/AHI_434d50313237363834_8_LowRes_JPG.JPG
wi100171,NL ah,Kellogg's All-bran Fruit 'n fibre 500 g ,1,,Ontbijtgranen. broodbeleg. tussendoor/Granola (fruit),,08037,6.98,,,500 g,3.49,,,https://static.ah.nl/static/product/AHI_434d50343732393032_2_LowRes_JPG.JPG
wi395938,NL ah,AH Biologisch Pompoen 400 g ,1,,Aardappel. groente. fruit/Pompoen (vers),,11477,6.975,,,400 g,2.79,,,https://static.ah.nl/static/product/AHI_434d50323538323836_3_LowRes_JPG.JPG
wi395962,NL ah,AH Wortelen en peulen 400 g ,1,,Aardappel. groente. fruit/Wortelen (vers),,11124,6.975,,,400 g,2.79,,,https://static.ah.nl/static/product/AHI_434d50323539373131_3_LowRes_JPG.JPG
wi3869/a,NL ah,AH Sour cream 125 g ,1,,Zuivel. eieren/Zure room,,01056,6.96,,,125 g,0.87,,,https://static.ah.nl/static/product/AHI_434d50313532343936_1_LowRes_JPG.JPG
wi104073,NL ah,AH IJsbergsla met tuinkruiden 200 g ,1,,Aardappel. groente. fruit/IJsbergsla (melange),,11252,6.95,,,200 g,1.39,,,https://static.ah.nl/static/product/AHI_434d50323038383831_2_LowRes_JPG.JPG
wi216239,NL ah,Kri Kri Griekse schapenyoghurt 170 g ,1,,Zuivel. eieren/Griekse yoghurt naturel,,01287,6.941176471,,,170 g,1.18,,,https://static.ahold.com/cmgtcontent/media//001704600/000/001704644_002_216239_708.jpg
wi415348,NL ah,Zeelands Roem Mosselen in natuurazijn msc 370 ml ,1,,Soepen. conserven. sauzen. smaakmakers/Mosselen (conserven),,15164,6.918918919,,,370 ml,2.56,,,https://static.ahold.com/cmgtcontent/media//001743700/000/001743752_001_415348_708.jpg
wi413610,NL ah,AH Biologisch 100% pindakaas naturel 350 g ,1,,Ontbijtgranen. broodbeleg. tussendoor/Pindakaas,,16398,6.914285714,,,350 g,2.42,,,https://static.ah.nl/static/product/AHI_434d50363030343936_1_LowRes_JPG.JPG
wi417123,NL ah,Quaker Super grains blueberry-cranberry 400 g ,1,,Ontbijtgranen. broodbeleg. tussendoor/Havermout (regular),,08120,6.875,,,400 g,2.75,,,https://static.ah.nl/static/product/AHI_4354525f36303035323033_1_LowRes_JPG.JPG
wi442103,NL ah,AH Gyros kapsalon pasta 600 g ,1,,Vlees. kip. vis. vega/Gyros,,10972,6.833333333,,,600 g,4.1,,,https://static.ah.nl/static/product/AHI_43545236313937373532_1_LowRes_JPG.JPG
wi434477,NL ah,Bonduelle Edamame bonen 300 g ,1,,Aardappel. groente. fruit/Peultjes (diepvries),,11211,6.833333333,,,300 g,2.05,,,https://static.ahold.com/cmgtcontent/media//001913300/000/001913312_002_434477_708.jpg
wi368919,NL ah,Loriana La Piadina Arrotolabile 300 g ,1,,Pasta. rijst. internationale keuken/Tortilla. wrap. burrito,,18450,6.833333333,,,300 g,2.05,,,https://static.ah.nl/static/product/AHI_434d50323534313232_1_LowRes_JPG.JPG
wi368920,NL ah,Loriana La Piadina Arrotolabile all olio d'oliva 300 g ,1,,Pasta. rijst. internationale keuken/Tortilla. wrap. burrito,,18450,6.833333333,,,300 g,2.05,,,https://static.ah.nl/static/product/AHI_43545236313834343135_1_LowRes_JPG.JPG
wi128527,NL ah,LoSalt Mineraalzout met jodium 350 g ,1,,Soepen. conserven. sauzen. smaakmakers/Zout (diverse),,02047,6.828571429,,,350 g,2.39,,,https://static.ah.nl/static/product/AHI_434d50303436353138_1_LowRes_JPG.JPG
wi444853,NL ah,AH Hummus cottage cheese 150 g ,1,,Kaas. vleeswaren. delicatessen/Huttenkase,,01012,6.8,,,150 g,1.02,,,https://static.ah.nl/static/product/AHI_43545236313838323936_1_LowRes_JPG.JPG
wi444852,NL ah,AH Protein cottage cheese 150 g ,1,,Kaas. vleeswaren. delicatessen/Huttenkase,,01012,6.8,,,150 g,1.02,,,https://static.ah.nl/static/product/AHI_43545236313831333833_1_LowRes_JPG.JPG
wi195553,NL ah,Bonduelle Kikkererwten 150 g ,1,,Aardappel. groente. fruit/Kikkererwten (conserven),,16056,6.8,,,150 g,1.02,,,https://static.ah.nl/static/product/AHI_434d50303234373737_1_LowRes_JPG.JPG
wi165539,NL ah,AH Scharrel kipdrumsticks gekruid ca. 620 g ,1,,Vlees. kip. vis. vega/Kipdrumsticks,,05096,6.78,,620.00 g,ca. 620 g,3.09,,,https://static.ah.nl/static/product/AHI_434d50323033313432_6_LowRes_JPG.JPG
wi409909,NL ah,De Cecco Tagliatelle n° 203 500 g ,1,,Pasta. rijst. internationale keuken/Tagliatelli. fettucini. linguine (houdbaar),,20420,6.76,,,500 g,3.38,,,https://static.ahold.com/cmgtcontent/media//001704600/000/001704630_001_409909_708.jpg
wi47366/,NL ah,AH Biologisch Champignons 250 g ,1,,Aardappel. groente. fruit/Champignons (vers),,11260,6.76,,,250 g,1.69,,,https://static.ah.nl/static/product/AHI_434d50313838333633_3_LowRes_JPG.JPG
wi217024,NL ah,AH Doosjevol granaatappelpitjes 250 g ,1,,Aardappel. groente. fruit/Granaatappel (diepvries),,09286,6.76,,,250 g,1.69,,,https://static.ah.nl/static/product/AHI_434d50313231323634_2_LowRes_JPG.JPG
wi215318,NL ah,AH Pitloze witte druiven 250 g ,1,,Aardappel. groente. fruit/Verse witte druiven,,09132,6.76,,,250 g,1.69,,,https://static.ah.nl/static/product/AHI_434d50323430333638_1_LowRes_JPG.JPG
wi202100,NL ah,AH Zuivelspread naturel 200 g ,1,,Ontbijtgranen. broodbeleg. tussendoor/Roomkaas (naturel),,01017,6.75,,,200 g,1.35,,,https://static.ah.nl/static/product/AHI_434d50303430363239_3_LowRes_JPG.JPG
wi195377,NL ah,AH Zuivelspread naturel light 200 g ,1,,Ontbijtgranen. broodbeleg. tussendoor/Roomkaas light,,01017,6.75,,,200 g,1.35,,,https://static.ah.nl/static/product/AHI_434d50303038343338_3_LowRes_JPG.JPG
wi103377,NL ah,AH Hamburgers 4 stuks ,1,,Vlees. kip. vis. vega/Hamburger (vers),,23572,6.73,,,4 stuks,2.69,,,https://static.ah.nl/static/product/AHI_434d50313237313036_8_LowRes_JPG.JPG
wi425972,NL ah,Santa Maria Tortilla whole wheat 320 g ,1,,Pasta. rijst. internationale keuken/Tortilla. wrap. burrito,,18450,6.71875,,,320 g,2.15,,,https://static.ahold.com/cmgtcontent/media//001848900/000/001848928_001_425972_708.jpg
wi182994,NL ah,Bonduelle Crispy mais bio 300 g ,1,,Aardappel. groente. fruit/Maiskorrels (conserven),,11167,6.7,,,300 g,2.01,,,https://static.ahold.com/cmgtcontent/media//001420700/000/001420778_001_182994_708.jpg
wi437570,NL ah,Santa Maria Corn & wheat tortilla 336 g ,1,,Pasta. rijst. internationale keuken/Tortilla. wrap. burrito,,18450,6.696428571,,,336 g,2.25,,,https://static.ahold.com/cmgtcontent/media//001951600/000/001951656_001_437570_708.jpg
wi165538,NL ah,AH Scharrel kipdrumsticks naturel ca. 610 g ,1,,Vlees. kip. vis. vega/Kipdrumsticks,,05096,6.67,,610.00 g,ca. 610 g,3.04,,,https://static.ah.nl/static/product/AHI_434d50323033313435_6_LowRes_JPG.JPG
wi437987,NL ah,AH Granola aardbei-kokosnoot 300 g ,1,,Ontbijtgranen. broodbeleg. tussendoor/Granola (fruit),,08037,6.633333333,,,300 g,1.99,,,https://static.ah.nl/static/product/AHI_434d5039343134333835_2_LowRes_JPG.JPG
wi192045,NL ah,AH Varkens chipolataworstjes 300 g ,1,,Vlees. kip. vis. vega/Worst (varkensvlees),,10972,6.633333333,,,300 g,1.99,,,https://static.ah.nl/static/product/AHI_434d50313331373636_2_LowRes_JPG.JPG
wi437271,NL ah,Zonnatura Granola noten en zaden 350 g ,1,,Ontbijtgranen. broodbeleg. tussendoor/Granola (noten),,08037,6.628571429,,,350 g,2.32,,,https://static.ahold.com/cmgtcontent/media//001967300/000/001967394_001_437271_708.jpg
wi437270,NL ah,Zonnatura Granola rood fruit 350 g ,1,,Ontbijtgranen. broodbeleg. tussendoor/Granola (fruit),,08037,6.628571429,,,350 g,2.32,,,https://static.ahold.com/cmgtcontent/media//001967300/000/001967392_001_437270_708.jpg
wi408922,NL ah,Bio Tortilla tarwebloem natuur 240 g ,1,,Pasta. rijst. internationale keuken/Tortilla. wrap. burrito,,18450,6.625,,,240 g,1.59,,,https://static.ahold.com/cmgtcontent/media//001688900/000/001688964_001_408922_708.jpg
wi162673,NL ah,AH Doosjevol aardbeien 225 g ,1,,Aardappel. groente. fruit/Aardbeien (diepvries),,09316,6.622222222,,,225 g,1.49,,,https://static.ah.nl/static/product/AHI_434d50323433363731_1_LowRes_JPG.JPG
wi394821,NL ah,AH Snoepgroente worteltjes 150 g ,1,,Aardappel. groente. fruit/Wortelen (vers),,11124,6.6,,,150 g,0.99,,,https://static.ah.nl/static/product/AHI_434d50323533323234_3_LowRes_JPG.JPG
wi406381,NL ah,Smaakt Granola granen noten bio 350 g ,1,,Ontbijtgranen. broodbeleg. tussendoor/Granola (noten),,08037,6.571428571,,,350 g,2.3,,,https://static.ahold.com/cmgtcontent/media//001657200/000/001657292_002_406381_708.jpg
wi222037,NL ah,Planta Boter smeerbaar classic 250 g ,1,,Zuivel. eieren/Ongezouten roomboter,,01145,6.56,,,250 g,1.64,,,https://static.ahold.com/cmgtcontent/media//001095900/000/001095974_001_222037_708.jpg
wi221977,NL ah,Jacquet Maxi jac volkoren 450 g ,1,,Bakkerij/Volkoren brood (dagvers),,18075,6.555555556,,,450 g,2.95,,,https://static.ahold.com/cmgtcontent/media//001095800/000/001095894_001_221977_708.jpg
wi133481,NL ah,AH Spareribs 830 g ,1,,Diepvries/Spareribs (diepvries),,10972,6.554216867,,,830 g,5.44,,,https://static.ah.nl/static/product/AHI_434d5031303433303734_2_LowRes_JPG.JPG
wi450416,NL ah,Souq Gerst volkoren couscous 350 g ,1,,Pasta. rijst. internationale keuken/Bulgur,,20012,6.542857143,,,350 g,2.29,,,
wi449861,NL ah,La Morena Volkoren tortilla's klein 320 g ,1,,Pasta. rijst. internationale keuken/Tortilla. wrap. burrito,,18450,6.53125,,,320 g,2.09,,,
wi58055/,NL ah,AH Olijfolie traditioneel 1 l ,1,,Pasta. rijst. internationale keuken/Olijfolie basis,,04053,6.53,,,1 l,6.53,,,https://static.ah.nl/static/product/AHI_434d50303736393530_2_LowRes_JPG.JPG
wi395952,NL ah,AH Bloemkool- en broccoliroosjes 400 g ,1,,Aardappel. groente. fruit/Bloemkool (vers),,11135,6.475,,,400 g,2.59,,,https://static.ah.nl/static/product/AHI_434d50323539373132_1_LowRes_JPG.JPG
wi187610,NL ah,AH Boomstammetjes 400 g ,1,,Vlees. kip. vis. vega/Boomstammetje,,10972,6.475,,,400 g,2.59,,,https://static.ah.nl/static/product/AHI_434d50313334373037_5_LowRes_JPG.JPG
wi420250,NL ah,Wijko Satésaus geconcentreerd 540 g ,1,,Pasta. rijst. internationale keuken/Satésaus,,27059,6.462962963,,,540 g,3.49,,,https://static.ahold.com/cmgtcontent/media//001801400/000/001801476_001_420250_708.jpg
wi133413,NL ah,AH Hamburger 8 stuks ,1,,Vlees. kip. vis. vega/Hamburger (vers),,23572,6.46,,,8 stuks,4.65,,,https://static.ah.nl/static/product/AHI_434d50303430333432_4_LowRes_JPG.JPG
wi395948,NL ah,AH Kleintje spinazie 200 g ,1,,Aardappel. groente. fruit/Spinazie (vers),,11457,6.45,,,200 g,1.29,,,https://static.ah.nl/static/product/AHI_434d50323539373138_2_LowRes_JPG.JPG
wi1932/d,NL ah,Danone Hüttenkäse 200 g ,1,,Kaas. vleeswaren. delicatessen/Huttenkase,,01012,6.45,,,200 g,1.29,,,https://static.ah.nl/static/product/AHI_43545236313832343836_1_LowRes_JPG.JPG
wi58043/,NL ah,AH Olijfolie extra vierge 1 l ,1,,Pasta. rijst. internationale keuken/Extra vierge dagelijks,,04053,6.43,,,1 l,6.43,,,https://static.ah.nl/static/product/AHI_434d50313539323432_3_LowRes_JPG.JPG
wi377960,NL ah,AH Zoete aardappelpuree 450 g ,1,,Aardappel. groente. fruit/Aardappelpuree (vers),,11352,6.422222222,,,450 g,2.89,,,https://static.ah.nl/static/product/AHI_434d5033343638343735_2_LowRes_JPG.JPG
wi209302,NL ah,Kri Kri Originele Griekse yoghurt 170 g ,1,,Zuivel. eieren/Griekse yoghurt naturel,,01287,6.411764706,,,170 g,1.09,,,https://static.ahold.com/cmgtcontent/media//001297800/000/001297808_003_209302_708.jpg
wi415004,NL ah,La Morena Mais tortilla wraps 8 stuks ,1,,Pasta. rijst. internationale keuken/Tortilla. wrap. burrito,,18363,6.41,,,8 stuks,2.05,,,https://static.ah.nl/static/product/AHI_434d50353939353635_1_LowRes_JPG.JPG
wi425974,NL ah,Santa Maria Tortilla garlic & herbs 320 g ,1,,Pasta. rijst. internationale keuken/Tortilla. wrap. burrito,,18450,6.40625,,,320 g,2.05,,,https://static.ahold.com/cmgtcontent/media//001842400/000/001842486_001_425974_708.jpg
wi410944,NL ah,AH Verse gnocchi 400 g ,1,,Pasta. rijst. internationale keuken/Gnocchi (vers),,20420,6.4,,,400 g,2.56,,,https://static.ah.nl/static/product/AHI_434d50323837383831_1_LowRes_JPG.JPG
wi417127,NL ah,Quaker Havermout super goodness naturel 400 g ,1,,Ontbijtgranen. broodbeleg. tussendoor/Havermout (regular),,08120,6.4,,,400 g,2.56,,,https://static.ah.nl/static/product/AHI_4354525f36303035333035_1_LowRes_JPG.JPG
wi211931,NL ah,Lassie Minuutje zilvervliesrijst 250 g ,1,,Pasta. rijst. internationale keuken/Zilvervlies rijst,,20041,6.4,,,250 g,1.6,,,https://static.ah.nl/static/product/AHI_434d50313830353333_1_LowRes_JPG.JPG
wi48897/,NL ah,AH Olijfolie extra vierge 500 ml ,1,,Pasta. rijst. internationale keuken/Extra vierge dagelijks,,04053,6.38,,,500 ml,3.19,,,https://static.ah.nl/static/product/AHI_434d50303736393531_3_LowRes_JPG.JPG
wi362206,NL ah,AH Biologisch Yoghurt 204 g ,1,,Zuivel. eieren/Volle yoghurt,,01118,6.37254902,,,204 g,1.3,,,https://static.ah.nl/static/product/AHI_434d50313733323934_3_LowRes_JPG.JPG
wi162461,NL ah,AH Biologisch Sjalotten 250 g ,1,,Aardappel. groente. fruit/Sjalotten,,11282,6.36,,,250 g,1.59,,,https://static.ah.nl/static/product/AHI_434d50313434323630_2_LowRes_JPG.JPG
wi164070,NL ah,AH Doosjevol mangostukjes 250 g ,1,,Diepvries/Mango (diepvries),,09176,6.36,,,250 g,1.59,,,https://static.ah.nl/static/product/AHI_434d50313737353437_2_LowRes_JPG.JPG
wi415005,NL ah,La Morena Volkoren tortilla wraps 6 stuks ,1,,Pasta. rijst. internationale keuken/Tortilla. wrap. burrito,,18450,6.35,,,6 stuks,2.35,,,https://static.ah.nl/static/product/AHI_434d50353531343130_1_LowRes_JPG.JPG
wi228020,NL ah,Smaakt Ontbijt rozijnen abrikoos 440 g ,1,,Ontbijtgranen. broodbeleg. tussendoor/Havermout (regular),,08120,6.340909091,,,440 g,2.79,,,https://static.ah.nl/static/product/AHI_434d50313639353937_1_LowRes_JPG.JPG
wi60158/,NL ah,Calvé Pindasaus mild 350 g ,1,,Pasta. rijst. internationale keuken/Satésaus,,27059,6.314285714,,,350 g,2.21,,,https://static.ahold.com/cmgtcontent/media//001297700/000/001297734_002_60158_708.jpg
wi201933,NL ah,LoSalt Mineraalzout 350 g ,1,,Soepen. conserven. sauzen. smaakmakers/Zout (diverse),,02047,6.314285714,,,350 g,2.21,,,https://static.ahold.com/cmgtcontent/media//001562600/000/001562664_001_201933_708.jpg
wi133265,NL ah,Fage Total Griekse yoghurt 500 g ,1,,Zuivel. eieren/Griekse yoghurt naturel,,01287,6.3,,,500 g,3.15,,,https://static.ahold.com/cmgtcontent/media//001555600/000/001555668_005_133265_708.jpg
wi220740,NL ah,Calvé Pindakaas met stukjes pinda 650 g ,1,,Ontbijtgranen. broodbeleg. tussendoor/Pindakaas,,16398,6.292307692,,,650 g,4.09,,,https://static.ahold.com/cmgtcontent/media//001048700/000/001048778_002_220740_708.jpg
wi67552/,NL ah,Danone Hüttenkäse 400 g ,1,,Kaas. vleeswaren. delicatessen/Huttenkase,,01012,6.25,,,400 g,2.5,,,https://static.ahold.com/cmgtcontent/media//001215700/000/001215724_003_67552_708.jpg
wi226267,NL ah,Statesman Sardines in zonnebloemolie 120 g ,1,,Soepen. conserven. sauzen. smaakmakers/Sardines (conserven),,15088,6.25,,,120 g,0.75,,,https://static.ahold.com/cmgtcontent/media//001127300/000/001127360_001_226267_708.jpg
wi395953,NL ah,AH Bloemkoolroosjes 400 g ,1,,Aardappel. groente. fruit/Bloemkool (vers),,11135,6.225,,,400 g,2.49,,,https://static.ah.nl/static/product/AHI_434d50323633343232_1_LowRes_JPG.JPG
wi395946,NL ah,AH Sperziebonen 400 g ,1,,Aardappel. groente. fruit/Sperziebonen (vers),,11052,6.225,,,400 g,2.49,,,https://static.ah.nl/static/product/AHI_434d50323633343637_1_LowRes_JPG.JPG
wi417523,NL ah,Santa Maria Soft tortilla 8 stuks ,1,,Pasta. rijst. internationale keuken/Tortilla. wrap. burrito,,18450,6.22,,,8 stuks,1.99,,,https://static.ah.nl/static/product/AHI_434d50363530313833_2_LowRes_JPG.JPG
wi437984,NL ah,AH Granola aardbei-matcha 320 g ,1,,Ontbijtgranen. broodbeleg. tussendoor/Granola (fruit),,08037,6.21875,,,320 g,1.99,,,https://static.ah.nl/static/product/AHI_434d503130313938373835_1_LowRes_JPG.JPG
wi438125,NL ah,AH Granola melkchocolade 320 g ,1,,Ontbijtgranen. broodbeleg. tussendoor/Granola (chocolade),,08037,6.21875,,,320 g,1.99,,,https://static.ah.nl/static/product/AHI_434d503130353832373633_1_LowRes_JPG.JPG
wi195535,NL ah,Aarts Mini champignons heel 280 g ,1,,Soepen. conserven. sauzen. smaakmakers/Champignons (conserven),,11260,6.214285714,,,280 g,1.74,,,https://static.ahold.com/cmgtcontent/media//001534700/000/001534712_002_195535_708.jpg
wi142443,NL ah,AH Verse spaghetti all'uovo voordeel 500 g ,1,,Pasta. rijst. internationale keuken/Spaghetti (houdbaar),,20420,6.18,,,500 g,3.09,,,https://static.ah.nl/static/product/AHI_434d50303632323439_3_LowRes_JPG.JPG
wi187590,NL ah,AH Slavinken 3 stuks ,1,,Vlees. kip. vis. vega/Slavinken,,10972,6.17,,,3 stuks,1.85,,,https://static.ah.nl/static/product/AHI_434d50313333333030_7_LowRes_JPG.JPG
wi418180,NL ah,AH Fries gekruid gehakt half-om half 500 g ,1,,Vlees. kip. vis. vega/Gehakt (half-om-half),,10972,6.16,,,500 g,3.08,,,https://static.ah.nl/static/product/AHI_434d50373339373835_1_LowRes_JPG.JPG
wi226512,NL ah,Herrenhof Burger 4  stuks ,1,,Diepvries/Burgers (diepvries),,23572,6.16,,,4  stuks,2.05,,,https://static.ahold.com/cmgtcontent/media//001530500/000/001530594_001_226512_708.jpg
81319ZK,NL jumbo,Santa Maria Super Soft Medium Tortilla Original 8 Stuks 320g,1,,Koken. soepen. maaltijden,,18450,6.15625,,72.00 g,320 g,1.97,,,https://static-images.jumbo.com/product_images/81319ZK-1_720x720.png
wi216032,NL ah,AH Pompoen stukjes 400 g ,1,,Aardappel. groente. fruit/Pompoen (vers),,11477,6.15,,,400 g,2.46,,,https://static.ah.nl/static/product/AHI_434d50313033343638_4_LowRes_JPG.JPG
wi142442,NL ah,AH Tagliatelle voordeel 500 g ,1,,Pasta. rijst. internationale keuken/Tagliatelli. fettucini. linguine (houdbaar),,20420,6.14,,,500 g,3.07,,,https://static.ah.nl/static/product/AHI_434d50323532363831_2_LowRes_JPG.JPG
wi386444,NL ah,Grand'Italia Penne spelt volkoren 500 g ,1,,Pasta. rijst. internationale keuken/Penne,,20420,6.14,,,500 g,3.07,,,https://static.ahold.com/cmgtcontent/media//001478400/000/001478462_003_386444_708.jpg
wi386443,NL ah,Grand'Italia Spaghetti spelt volkoren 500 g ,1,,Pasta. rijst. internationale keuken/Spaghetti (houdbaar),,20420,6.14,,,500 g,3.07,,,https://static.ahold.com/cmgtcontent/media//001478400/000/001478468_002_386443_708.jpg
wi2092/g,NL ah,Grand'Italia Tagliatelle verdi all'uovo 500 g ,1,,Pasta. rijst. internationale keuken/Tagliatelli. fettucini. linguine (houdbaar),,20420,6.12,,,500 g,3.06,,,https://static.ahold.com/cmgtcontent/media//001652600/000/001652696_001_2092_708.jpg
wi421632,NL ah,AH Volkoren lasagne 250 g ,1,,Pasta. rijst. internationale keuken/Lasagnebladen (houdbaar),,20420,6.12,,,250 g,1.53,,,https://static.ah.nl/static/product/AHI_434d5031313432353438_2_LowRes_JPG.JPG
wi188608,NL ah,Aarts Hollandse asperges 530 g ,1,,Aardappel. groente. fruit/Asperges (conserven),,11011,6.113207547,,,530 g,3.24,,,https://static.ahold.com/cmgtcontent/media//001316000/000/001316054_002_188608_708.jpg
wi3954/a,NL ah,AH Rundergehakt 900 g ,1,,Vlees. kip. vis. vega/Rundergehakt,,23572,6.1,,,900 g,5.49,,,https://static.ah.nl/static/product/AHI_434d50313333323637_5_LowRes_JPG.JPG
wi173423,NL ah,Duyvis Pinda's gezouten 370 g ,1,,Snoep. koek. chips/Pinda's (groot),,16087,6.081081081,,,370 g,2.25,,,https://static.ah.nl/static/product/AHI_4b525436303032353735_2_LowRes_JPG.JPG
wi220739,NL ah,Calvé Pindakaas pot 650 g ,1,,Ontbijtgranen. broodbeleg. tussendoor/Pindakaas,,16398,6.076923077,,,650 g,3.95,,,https://static.ah.nl/static/product/AHI_4b525436303033353037_2_LowRes_JPG.JPG
wi415002,NL ah,La Morena Tortilla wraps original 8 stuks ,1,,Pasta. rijst. internationale keuken/Tortilla. wrap. burrito,,18450,6.06,,,8 stuks,1.94,,,https://static.ahold.com/cmgtcontent/media//001743100/000/001743134_001_415002_708.jpg
wi209301,NL ah,Kri Kri Originele Griekse yoghurt 0% vet 170 g ,1,,Zuivel. eieren/Griekse yoghurt naturel,,01287,6,,,170 g,1.02,,,https://static.ahold.com/cmgtcontent/media//001297800/000/001297806_002_209301_708.jpg
wi417057,NL ah,AH Frambozen 1 kg ,1,,Aardappel. groente. fruit/Frambozen (diepvries),,09302,5.99,,,1 kg,5.99,,,https://static.ah.nl/static/product/AHI_434d50363132303638_1_LowRes_JPG.JPG
wi379003,NL ah,Calvé Pindakaas met stukjes pinda 1 kg ,1,,Ontbijtgranen. broodbeleg. tussendoor/Pindakaas,,16398,5.99,,,1 kg,5.99,,,https://static.ah.nl/static/product/AHI_43545236323036363735_2_LowRes_JPG.JPG
wi367212,NL ah,Zespri Kiwi sungold voordeel 750 g ,1,,Aardappel. groente. fruit/Kiwi,,09148,5.986666667,,,750 g,4.49,,,https://static.ah.nl/static/product/AHI_434d50323038303738_2_LowRes_JPG.JPG
wi417549,NL ah,AH Buitenbeentjes puntpaprika 500 g ,1,,Aardappel. groente. fruit/Zoete puntpaprika,,11333,5.98,,,500 g,2.99,,,https://static.ah.nl/static/product/AHI_434d50363130303431_1_LowRes_JPG.JPG
wi127258,NL ah,AH Pitloze blauwe druiven 500 g ,1,,Aardappel. groente. fruit/Verse blauwe druiven,,09132,5.98,,,500 g,2.99,,,https://static.ah.nl/static/product/AHI_434d50383133393330_3_LowRes_JPG.JPG
wi368946,NL ah,De Cecco Conchiglioni rigati n° 126 500 g ,1,,Pasta. rijst. internationale keuken/Schelpjes. conchigliette,,20420,5.98,,,500 g,2.99,,,https://static.ah.nl/static/product/AHI_434d50323133393832_1_LowRes_JPG.JPG
wi450225,NL ah,De Cecco Rigatoni napoletani 500 g ,1,,Pasta. rijst. internationale keuken/Rigatoni,,20420,5.98,,,500 g,2.99,,,https://static.ahold.com/cmgtcontent/media//002088600/000/002088690_005_450225_708.jpg
wi122238,NL ah,Kellogg's All-bran plus 500 g ,1,,Ontbijtgranen. broodbeleg. tussendoor/Granola (naturel),,08037,5.98,,,500 g,2.99,,,https://static.ahold.com/cmgtcontent/media//001058100/000/001058186_003_122238_708.jpg
wi216517,NL ah,AH Aardbeien 400 g ,1,,Aardappel. groente. fruit/Aardbeien (vers),,09316,5.975,,,400 g,2.39,,,https://static.ah.nl/static/product/AHI_434d5036333137343432_1_LowRes_JPG.JPG
wi395954,NL ah,AH Broccoliroosjes 400 g ,1,,Aardappel. groente. fruit/Broccoli (vers),,11090,5.975,,,400 g,2.39,,,https://static.ah.nl/static/product/AHI_434d50323633343539_1_LowRes_JPG.JPG
wi370835,NL ah,AH 100% pindakaas naturel 350 g ,1,,Ontbijtgranen. broodbeleg. tussendoor/Pindakaas,,16398,5.971428571,,,350 g,2.09,,,https://static.ah.nl/static/product/AHI_434d50323138353333_4_LowRes_JPG.JPG
204202ST,NL jumbo,Jumbo Cranberry's Vriesvers 250g,1,,Diepvries,,09078,5.96,,,250 g,1.49,,,https://static-images.jumbo.com/product_images/150920180622_204202STK-1_720x720.png
wi213112,NL ah,Wijko Satésaus 250 g ,1,,Pasta. rijst. internationale keuken/Satésaus,,27059,5.96,,,250 g,1.49,,,https://static.ah.nl/static/product/AHI_434d5036363938373437_1_LowRes_JPG.JPG
wi200104,NL ah,Statesman Haringfilets in tomatensaus MSC 190 g ,1,,Soepen. conserven. sauzen. smaakmakers/Haring (conserven),,15041,5.947368421,,,190 g,1.13,,,https://static.ahold.com/cmgtcontent/media//001557900/000/001557982_002_200104_708.jpg
wi428751,NL ah,Hak Roti schotel 500 g ,1,,Aardappel. groente. fruit/Sperziebonen (conserven),,11052,5.94,,,500 g,2.97,,,https://static.ahold.com/cmgtcontent/media//001867900/000/001867946_001_428751_708.jpg
wi210607,NL ah,AH Shoarmareepjes 500 g ,1,,Vlees. kip. vis. vega/Shoarma,,10972,5.9,,,500 g,2.95,,,https://static.ah.nl/static/product/AHI_434d50313333323939_6_LowRes_JPG.JPG
wi128144,NL ah,CêlaVíta Partjes met rozemarijn & Himalaya zout 425 g ,1,,Aardappel. groente. fruit/Aardappelpartjes (vers),,11352,5.858823529,,,425 g,2.49,,,https://static.ahold.com/cmgtcontent/media//001281600/000/001281608_003_128144_708.jpg
wi381923,NL ah,Aarts Biologische abrikozen 350 g ,1,,Aardappel. groente. fruit/Abrikozen (conserven),,09021,5.857142857,,,350 g,2.05,,,https://static.ahold.com/cmgtcontent/media//001430700/000/001430782_001_381923_708.jpg
wi381926,NL ah,Aarts Biologische peren 350 g ,1,,Aardappel. groente. fruit/Halve peren (conserven),,09252,5.857142857,,,350 g,2.05,,,https://static.ahold.com/cmgtcontent/media//001430700/000/001430788_002_381926_708.jpg
wi421645,NL ah,AH 100% Pindakaas extra grof 350 g ,1,,Ontbijtgranen. broodbeleg. tussendoor/Pindakaas,,16398,5.857142857,,,350 g,2.05,,,https://static.ah.nl/static/product/AHI_434d5031303636363936_1_LowRes_JPG.JPG
wi370831,NL ah,AH 100% pindakaas met stukjes pinda 350 g ,1,,Ontbijtgranen. broodbeleg. tussendoor/Pindakaas,,16398,5.857142857,,,350 g,2.05,,,https://static.ah.nl/static/product/AHI_434d5039343531373034_1_LowRes_JPG.JPG
wi1581/a,NL ah,AH Pindakaas met stukjes pinda 350 g ,1,,Ontbijtgranen. broodbeleg. tussendoor/Pindakaas,,16398,5.857142857,,,350 g,2.05,,,https://static.ah.nl/static/product/AHI_434d50303830343730_3_LowRes_JPG.JPG
wi191777,NL ah,AH Smeuïge pindakaas crunch 350 g ,1,,Ontbijtgranen. broodbeleg. tussendoor/Pindakaas,,16398,5.857142857,,,350 g,2.05,,,https://static.ah.nl/static/product/AHI_434d50303035323936_2_LowRes_JPG.JPG
wi123662,NL ah,Honig Groene lasagnebladen 250 g ,1,,Pasta. rijst. internationale keuken/Lasagnebladen (houdbaar),,20420,5.84,,,250 g,1.46,,,https://static.ahold.com/cmgtcontent/media//001377100/000/001377104_003_123662_708.jpg
wi415001,NL ah,La Morena Tortilla wraps original 6 stuks ,1,,Pasta. rijst. internationale keuken/Tortilla. wrap. burrito,,18450,5.81,,,6 stuks,2.15,,,https://static.ah.nl/static/product/AHI_434d50353335303438_1_LowRes_JPG.JPG
wi429056,NL ah,AH Varkenssate op stokje 140 g ,1,,Vlees. kip. vis. vega/Varkenssate (diepvries),,10972,5.785714286,,,140 g,0.81,,,https://static.ah.nl/static/product/AHI_434d50303937383437_5_LowRes_JPG.JPG
wi387950,NL ah,Del Monte Gold ananasblokjes op sap 230 g ,1,,Aardappel. groente. fruit/Ananas (conserven),,09266,5.782608696,,,230 g,1.33,,,https://static.ahold.com/cmgtcontent/media//001521500/000/001521522_002_387950_708.jpg
wi429264,NL ah,Remia Satesaus met gebakken uitjes 265 ml ,1,,Pasta. rijst. internationale keuken/Satésaus,,27059,5.773584906,,,265 ml,1.53,,,https://static.ahold.com/cmgtcontent/media//001897700/000/001897782_003_429264_708.jpg
wi164955,NL ah,AH Gordita 274 g ,1,,Pasta. rijst. internationale keuken/Tortilla. wrap. burrito,,18450,5.693430657,,,274 g,1.56,,,https://static.ah.nl/static/product/AHI_434d50303432343935_1_LowRes_JPG.JPG
wi381922,NL ah,Aarts Biologische ananas 350 g ,1,,Aardappel. groente. fruit/Ananas (conserven),,09266,5.685714286,,,350 g,1.99,,,https://static.ahold.com/cmgtcontent/media//001430700/000/001430780_002_381922_708.jpg
wi1589/a,NL ah,AH Pindakaas 350 g ,1,,Ontbijtgranen. broodbeleg. tussendoor/Pindakaas,,16398,5.685714286,,,350 g,1.99,,,https://static.ah.nl/static/product/AHI_434d50303136313231_2_LowRes_JPG.JPG
wi94764/,NL ah,AH Geschoonde spruitjes 350 g ,1,,Aardappel. groente. fruit/Spruiten (vers),,11098,5.685714286,,,350 g,1.99,,,https://static.ah.nl/static/product/AHI_434d50303631383936_2_LowRes_JPG.JPG
wi387947,NL ah,Del Monte Gold ananasschijven op sap 227 g ,1,,Aardappel. groente. fruit/Ananas (conserven),,09266,5.682819383,,,227 g,1.29,,,https://static.ahold.com/cmgtcontent/media//001521500/000/001521518_001_387947_708.jpg
wi374356,NL ah,Fairtrade Original Ananas stukjes op eigen sap 227 g ,1,,Aardappel. groente. fruit/Ananas (conserven),,09266,5.682819383,,,227 g,1.29,,,https://static.ahold.com/cmgtcontent/media//001366700/000/001366736_002_374356_708.jpg
wi395947,NL ah,AH Sperziebonen 600 g ,1,,Aardappel. groente. fruit/Sperziebonen (vers),,11052,5.65,,,600 g,3.39,,,https://static.ah.nl/static/product/AHI_434d50323633343234_1_LowRes_JPG.JPG
73206PAK,NL jumbo,Jumbo Granaatappel 2 Stuks,1,,Fruit,,09286,5.638297872,,282.00 g,2 stuks,3.18,,,https://static-images.jumbo.com/product_images/73206PAK-1_720x720.png
wi169175,NL ah,AH Half om half gehakt 300 g ,1,,Vlees. kip. vis. vega/Gehakt (half-om-half),,10972,5.633333333,,,300 g,1.69,,,https://static.ah.nl/static/product/AHI_434d50313331373735_3_LowRes_JPG.JPG
26293POT,NL jumbo,Jumbo Pindakaas Naturel 350g,1,,Brood. cereals. beleg,,16398,5.628571429,,,350 g,1.97,,,https://static-images.jumbo.com/product_images/26293POT-1_720x720.png
wi418183,NL ah,AH Varkensbraadworst grof. met kruidnagel 400 g ,1,,Vlees. kip. vis. vega/Worst (varkensvlees),,10972,5.625,,,400 g,2.25,,,https://static.ah.nl/static/product/AHI_434d50383237313833_1_LowRes_JPG.JPG
wi436413,NL ah,AH Zoete aardappel spaghetti 400 g ,1,,Pasta. rijst. internationale keuken/Spaghetti (houdbaar),,20420,5.625,,,400 g,2.25,,,https://static.ah.nl/static/product/AHI_434d5037343230323539_1_LowRes_JPG.JPG
wi199268,NL ah,Conimex Satésaus gado gado 400 g ,1,,Pasta. rijst. internationale keuken/Satésaus,,27059,5.625,,,400 g,2.25,,,https://static.ah.nl/static/product/AHI_434d50303239333138_3_LowRes_JPG.JPG
wi232946,NL ah,Calvé Pindakaas pot 1000 g ,1,,Ontbijtgranen. broodbeleg. tussendoor/Pindakaas,,16398,5.59,,,1000 g,5.59,,,https://static.ah.nl/static/product/AHI_43545236323036363737_2_LowRes_JPG.JPG
wi413752,NL ah,AH 100% pindakaas met stukjes pinda 600 g ,1,,Ontbijtgranen. broodbeleg. tussendoor/Pindakaas,,16398,5.566666667,,,600 g,3.34,,,https://static.ah.nl/static/product/AHI_434d50363030323332_2_LowRes_JPG.JPG
wi413750,NL ah,AH 100% pindakaas naturel 600 g ,1,,Ontbijtgranen. broodbeleg. tussendoor/Pindakaas,,16398,5.566666667,,,600 g,3.34,,,https://static.ah.nl/static/product/AHI_434d50363030343932_1_LowRes_JPG.JPG
wi164069,NL ah,AH Doosjevol ananasstukjes 250 g ,1,,Aardappel. groente. fruit/Diepvries ananas,,09266,5.56,,,250 g,1.39,,,https://static.ah.nl/static/product/AHI_434d50313830363037_2_LowRes_JPG.JPG
wi222200,NL ah,Planta Boter plantaardig 250 g ,1,,Zuivel. eieren/Ongezouten roomboter,,01145,5.56,,,250 g,1.39,,,https://static.ahold.com/cmgtcontent/media//001099700/000/001099712_001_222200_708.jpg
wi210608,NL ah,AH Shoarmareepjes 850 g ,1,,Vlees. kip. vis. vega/Shoarma,,10972,5.541176471,,,850 g,4.71,,,https://static.ah.nl/static/product/AHI_434d50313334373738_5_LowRes_JPG.JPG
wi190835,NL ah,Bonduelle Jonge worteltjes extra fijn 155 g ,1,,Soepen. conserven. sauzen. smaakmakers/Wortelen (conserven),,11124,5.483870968,,,155 g,0.85,,,https://static.ah.nl/static/product/AHI_434d50303932383730_1_LowRes_JPG.JPG
wi136399,NL ah,AH Friszoete stoofpeertjes met kaneel 560 g ,1,,Aardappel. groente. fruit/Stoofpeertjes,,09252,5.482142857,,,560 g,3.07,,,https://static.ah.nl/static/product/AHI_434d50303438313034_3_LowRes_JPG.JPG
wi412499,NL ah,Lassie Builtjes zilvervliesrijst 300 g ,1,,Pasta. rijst. internationale keuken/Zilvervlies rijst,,20041,5.466666667,,,300 g,1.64,,,https://static.ah.nl/static/product/AHI_434d5032393338373133_1_LowRes_JPG.JPG
wi3840/a,NL ah,AH IJsbergsla melange 200 g ,1,,Aardappel. groente. fruit/IJsbergsla (melange),,11252,5.45,,,200 g,1.09,,,https://static.ah.nl/static/product/AHI_434d50323130303634_3_LowRes_JPG.JPG
wi163250,NL ah,AH Tortilla wraps meergranen 8 stuks ,1,,Pasta. rijst. internationale keuken/Tortilla. wrap. burrito,,18450,5.44,,,8 stuks,1.74,,,https://static.ah.nl/static/product/AHI_434d50313037353735_1_LowRes_JPG.JPG
wi100448,NL ah,Suzi Wan Pinda satésaus 380 g ,1,,Pasta. rijst. internationale keuken/Satésaus,,27059,5.394736842,,,380 g,2.05,,,https://static.ahold.com/cmgtcontent/media//001555600/000/001555600_001_100448_708.jpg
wi133256,NL ah,Fage Total Griekse yoghurt 0% 500 g ,1,,Zuivel. eieren/Griekse yoghurt naturel,,01287,5.38,,,500 g,2.69,,,https://static.ah.nl/static/product/AHI_434d50323233353433_2_LowRes_JPG.JPG
wi453733,NL ah,AH Tortilla wraps volkoren 370 g ,1,,Pasta. rijst. internationale keuken/Tortilla. wrap. burrito,,18450,5.378378378,,,370 g,1.99,,,https://static.ahold.com/cmgtcontent/media//002107200/000/002107222_001_453733_708.jpg
wi436415,NL ah,AH Zoete aardappelblokjes 400 g ,1,,Aardappel. groente. fruit/Zoete aardappelen,,11507,5.375,,,400 g,2.15,,,https://static.ah.nl/static/product/AHI_434d5039373830323436_2_LowRes_JPG.JPG
wi451838,NL ah,Smaakt Kikkererwten bio 400 g ,1,,Aardappel. groente. fruit/Kikkererwten (gedroogd),,16056,5.375,,,400 g,2.15,,,https://static.ahold.com/cmgtcontent/media//002107200/000/002107208_001_451838_708.jpg
wi232568,NL ah,Honig Lasagnebladen 250 g ,1,,Pasta. rijst. internationale keuken/Lasagnebladen (houdbaar),,20420,5.36,,,250 g,1.34,,,https://static.ah.nl/static/product/AHI_434d5033343634353733_1_LowRes_JPG.JPG
wi133455,NL ah,Unox Gehaktballetjes in jus 420 g ,1,,Vlees. kip. vis. vega/Gehaktbal,,10972,5.357142857,,,420 g,2.25,,,https://static.ah.nl/static/product/AHI_434d50313537313032_1_LowRes_JPG.JPG
wi58053/,NL ah,AH Olijfolie mild 1 l ,1,,Pasta. rijst. internationale keuken/Olijfolie mild,,04053,5.34,,,1 l,5.34,,,https://static.ah.nl/static/product/AHI_434d50303736383738_2_LowRes_JPG.JPG
wi410051,NL ah,Jordans Crunchy granola fruit & nut 750 g ,1,,Ontbijtgranen. broodbeleg. tussendoor/Granola (fruit),,08037,5.32,,,750 g,3.99,,,https://static.ahold.com/cmgtcontent/media//001699400/000/001699462_001_410051_708.jpg
wi421615,NL ah,AH Penne spelt 500 g ,1,,Pasta. rijst. internationale keuken/Penne,,20420,5.32,,,500 g,2.66,,,https://static.ah.nl/static/product/AHI_434d5031313432353335_2_LowRes_JPG.JPG
wi421619,NL ah,AH Penne spelt volkoren 500 g ,1,,Pasta. rijst. internationale keuken/Penne,,20420,5.32,,,500 g,2.66,,,https://static.ah.nl/static/product/AHI_434d5031313432353431_2_LowRes_JPG.JPG
wi421618,NL ah,AH Spaghetti spelt 500 g ,1,,Pasta. rijst. internationale keuken/Spaghetti (houdbaar),,20420,5.32,,,500 g,2.66,,,https://static.ah.nl/static/product/AHI_4b525436303032353136_1_LowRes_JPG.JPG
wi421617,NL ah,AH Spaghetti spelt volkoren 500 g ,1,,Pasta. rijst. internationale keuken/Spaghetti (houdbaar),,20420,5.32,,,500 g,2.66,,,https://static.ah.nl/static/product/AHI_434d5031313432353439_2_LowRes_JPG.JPG
wi395116,NL ah,Kri Kri The original Greek yogurt 10% 500 g ,1,,Zuivel. eieren/Griekse yoghurt naturel,,01287,5.32,,,500 g,2.66,,,https://static.ahold.com/cmgtcontent/media//001572800/000/001572880_002_395116_708.jpg
wi195370,NL ah,AH Mozzarella 235 g ,1,,Kaas. vleeswaren. delicatessen/Mozzarella,,43597,5.319148936,,,235 g,1.25,,,https://static.ah.nl/static/product/AHI_434d50303038333236_3_LowRes_JPG.JPG
wi51768/,NL ah,AH Boerenkool gesneden 300 g ,1,,Aardappel. groente. fruit/Boerenkool (vers),,11233,5.3,,,300 g,1.59,,,https://static.ah.nl/static/product/AHI_434d50323633333734_1_LowRes_JPG.JPG
wi197293,NL ah,AH Gesneden uien voordeel 300 g ,1,,Aardappel. groente. fruit/Voorgesneden uien,,11282,5.3,,,300 g,1.59,,,https://static.ah.nl/static/product/AHI_434d50323730393534_2_LowRes_JPG.JPG
wi162734,NL ah,Bonduelle Broccoli 300 g ,1,,Aardappel. groente. fruit/Broccoli (diepvries),,11090,5.3,,,300 g,1.59,,,https://static.ahold.com/cmgtcontent/media//001294500/000/001294572_001_162734_708.jpg
wi230841,NL ah,AH Liefde & Passie Rogge (ongesneden) per stuk ,1,,Bakkerij/Roggebrood (ovenvers),,18053,5.261904762,,420.00 g,per stuk,2.21,,,https://static.ah.nl/static/product/AHI_43545236373030303036_1_LowRes_JPG.JPG
wi192751,NL ah,AH Abrikoosjes op appelsap 350 g ,1,,Aardappel. groente. fruit/Abrikozen (conserven),,09021,5.257142857,,,350 g,1.84,,,https://static.ah.nl/static/product/AHI_434d50303034323135_4_LowRes_JPG.JPG
wi192752,NL ah,AH Gestoofde peertjes op lichte siroop 350 g ,1,,Aardappel. groente. fruit/Stoofpeertjes,,09252,5.257142857,,,350 g,1.84,,,https://static.ah.nl/static/product/AHI_434d50303034323632_3_LowRes_JPG.JPG
wi408871,NL ah,Becel Olie blend met olijfolie 500 ml ,1,,Pasta. rijst. internationale keuken/Olijfolie mild,,04053,5.24,,,500 ml,2.62,,,https://static.ahold.com/cmgtcontent/media//001683500/000/001683512_001_408871_708.jpg
wi451675,NL ah,Smaakt Rode splitlinzen bio 400 g ,1,,Aardappel. groente. fruit/Kikkererwten (gedroogd),,16056,5.225,,,400 g,2.09,,,https://static.ahold.com/cmgtcontent/media//002107200/000/002107202_001_451675_708.jpg
wi213554,NL ah,Valle del sole Super sweet corn 450 g ,1,,Aardappel. groente. fruit/Maiskolven,,11167,5.222222222,,,450 g,2.35,,,https://static.ahold.com/cmgtcontent/media//001553400/000/001553404_001_213554_708.jpg
wi437944,NL ah,AH Granola noten 500 g ,1,,Ontbijtgranen. broodbeleg. tussendoor/Granola (naturel),,08037,5.18,,,500 g,2.59,,,https://static.ah.nl/static/product/AHI_434d503130313938373734_1_LowRes_JPG.JPG
wi375745,NL ah,Dalla Costa Pasta Disney tricolore 300 g ,1,,Pasta. rijst. internationale keuken/Macaroni,,20420,5.166666667,,,300 g,1.55,,,https://static.ahold.com/cmgtcontent/media//001395100/000/001395180_001_375745_708.jpg
wi173145,NL ah,AH Lasagne 250 g ,1,,Pasta. rijst. internationale keuken/Lasagnebladen (houdbaar),,20420,5.16,,,250 g,1.29,,,https://static.ah.nl/static/product/AHI_434d50323431343235_2_LowRes_JPG.JPG
wi184957,NL ah,AH Biologisch Royal gala 4 stuks ,1,,Aardappel. groente. fruit/Appels extra zoet,,09003,5.13,,,4 stuks,3.59,,,https://static.ah.nl/static/product/AHI_434d5036363938353436_2_LowRes_JPG.JPG
wi226513,NL ah,Herrenhof Burger 12 stuks ,1,,Diepvries/Burgers (diepvries),,23572,5.13,,,12 stuks,5.13,,,https://static.ahold.com/cmgtcontent/media//001530600/000/001530600_001_226513_708.jpg
wi445512,NL ah,AH Mango voordeelverpakking 1 kg ,1,,Diepvries/Mango (diepvries),,09176,5.13,,,1 kg,5.13,,,https://static.ah.nl/static/product/AHI_43545236353839373838_1_LowRes_JPG.JPG
wi162663,NL ah,Conimex Satésaus mild 400 g ,1,,Pasta. rijst. internationale keuken/Satésaus,,27059,5.125,,,400 g,2.05,,,https://static.ah.nl/static/product/AHI_434d50313231383237_2_LowRes_JPG.JPG
wi417518,NL ah,Santa Maria Wrap original 6 stuks ,1,,Pasta. rijst. internationale keuken/Tortilla. wrap. burrito,,18450,5.12,,,6 stuks,1.9,,,https://static.ah.nl/static/product/AHI_434d50363434343330_1_LowRes_JPG.JPG
wi208646,NL ah,Bonduelle Zwarte bonen 200 g ,1,,Aardappel. groente. fruit/Zwarte bonen (conserven),,16016,5.1,,,200 g,1.02,,,https://static.ahold.com/cmgtcontent/media//001540000/000/001540000_001_208646_708.jpg
wi4007/a,NL ah,AH Half om half gehakt 500 g ,1,,Vlees. kip. vis. vega/Gehakt (half-om-half),,10972,5.1,,,500 g,2.55,,,https://static.ah.nl/static/product/AHI_434d50313331373139_4_LowRes_JPG.JPG
wi133236,NL ah,CêlaVíta Pofaardappelen met yoghurt-knoflook saus 450 g ,1,,Aardappel. groente. fruit/Pof aardappel,,11352,5.088888889,,,450 g,2.29,,,https://static.ahold.com/cmgtcontent/media//001281600/000/001281606_002_133236_708.jpg
wi171351,NL ah,Iglo Fijn gehakte spinazie met boursin 450 g ,1,,Aardappel. groente. fruit/Spinazie (diepvries),,11457,5.088888889,,,450 g,2.29,,,https://static.ahold.com/cmgtcontent/media//001387900/000/001387940_003_171351_708.jpg
wi223290,NL ah,Manna Mosselsaus 175 g ,1,,Soepen. conserven. sauzen. smaakmakers/Mosselsaus,,15164,5.085714286,,,175 g,0.89,,,https://static.ahold.com/cmgtcontent/media//001105100/000/001105110_001_223290_708.jpg
wi381968,NL ah,Maeva Olijfolie vierge 3 l ,1,,Pasta. rijst. internationale keuken/Extra vierge dagelijks,,04053,5.056666667,,,3 l,15.17,,,https://static.ahold.com/cmgtcontent/media//001458700/000/001458770_001_381968_708.jpg
wi2091/g,NL ah,Grand'Italia Tagliatelle all'uovo 500 g ,1,,Pasta. rijst. internationale keuken/Tagliatelli. fettucini. linguine (houdbaar),,20420,5.04,,,500 g,2.52,,,https://static.ahold.com/cmgtcontent/media//001652600/000/001652698_001_2091_708.jpg
wi389180,NL ah,Hak Linzencurry schotel 550 g ,1,,Soepen. conserven. sauzen. smaakmakers/Linzenmix,,16070,5.036363636,,,550 g,2.77,,,https://static.ah.nl/static/product/AHI_43545236323532303230_1_LowRes_JPG.JPG
wi418292,NL ah,AH Biologisch Geraspte bietjes 400 g ,1,,Aardappel. groente. fruit/Bietjes (vers),,11080,5,,,400 g,2,,,https://static.ah.nl/static/product/AHI_434d50363835313339_2_LowRes_JPG.JPG
wi129684,NL ah,AH IJsbergsla 200 g ,1,,Aardappel. groente. fruit/IJsbergsla gesneden,,11252,5,,,200 g,1,,,https://static.ah.nl/static/product/AHI_434d50323038383834_2_LowRes_JPG.JPG
wi162598,NL ah,AH BASIC Olijfolie extra vierge 1 l ,1,,Pasta. rijst. internationale keuken/Extra vierge dagelijks,,04053,4.99,,,1 l,4.99,,,https://static.ah.nl/static/product/AHI_434d50313036313237_1_LowRes_JPG.JPG
wi188141,NL ah,AH Geschilde bospeen 600 g ,1,,Aardappel. groente. fruit/Bospeen,,11124,4.983333333,,,600 g,2.99,,,https://static.ah.nl/static/product/AHI_434d50303631393034_3_LowRes_JPG.JPG
wi231922,NL ah,AH Kiwi groen per stuk ,1,,Aardappel. groente. fruit/Kiwi,,09148,4.98,,,per stuk,0.57,,,https://static.ah.nl/static/product/AHI_434d50313937363739_6_LowRes_JPG.JPG
wi437945,NL ah,AH Granola fruit 500 g ,1,,Ontbijtgranen. broodbeleg. tussendoor/Granola (fruit),,08037,4.98,,,500 g,2.49,,,https://static.ah.nl/static/product/AHI_434d503130313938373830_1_LowRes_JPG.JPG
wi437946,NL ah,AH Granola havervlokken 500 g ,1,,Ontbijtgranen. broodbeleg. tussendoor/Granola (naturel),,08037,4.98,,,500 g,2.49,,,https://static.ah.nl/static/product/AHI_434d503130313938373732_1_LowRes_JPG.JPG
wi168595,NL ah,Wijko Hot satésaus kant & klaar 500 g ,1,,Pasta. rijst. internationale keuken/Satésaus,,27059,4.98,,,500 g,2.49,,,https://static.ahold.com/cmgtcontent/media//001562600/000/001562682_001_168595_708.jpg
wi408056,NL ah,Carbonell Groene olijven in knoflookmarinade 370 g ,1,,Pasta. rijst. internationale keuken/Groene olijven,,09195,4.972972973,,,370 g,1.84,,,https://static.ahold.com/cmgtcontent/media//001674400/000/001674476_002_408056_708.jpg
wi195688,NL ah,Aarts Frambozen op siroop 350 g ,1,,Aardappel. groente. fruit/Frambozen (conserven),,09302,4.971428571,,,350 g,1.74,,,https://static.ah.nl/static/product/AHI_434d50303234343731_1_LowRes_JPG.JPG
wi408057,NL ah,Carbonell Groene olijven gevuld met paprikapasta 350 g ,1,,Pasta. rijst. internationale keuken/Groene olijven,,09195,4.971428571,,,350 g,1.74,,,https://static.ahold.com/cmgtcontent/media//001674400/000/001674478_004_408057_708.jpg
wi104064,NL ah,Bonduelle Crispy maïs 300 g ,1,,Aardappel. groente. fruit/Maiskorrels (conserven),,11167,4.966666667,,,300 g,1.49,,,https://static.ah.nl/static/product/AHI_434d50303932383831_2_LowRes_JPG.JPG
wi412500,NL ah,Lassie Builtjes toverrijst 300 g ,1,,Pasta. rijst. internationale keuken/Witte rijst,,20452,4.966666667,,,300 g,1.49,,,https://static.ah.nl/static/product/AHI_434d50363139373037_1_LowRes_JPG.JPG
wi428666,NL ah,AH Ovenkriel met paprikakruiden 500 g ,1,,Aardappel. groente. fruit/Ovenklare aardappelen,,11352,4.92,,,500 g,2.46,,,https://static.ah.nl/static/product/AHI_434d5034343430383332_3_LowRes_JPG.JPG
wi178151,NL ah,AH Pompoenblokjes 450 g ,1,,Aardappel. groente. fruit/Pompoen (diepvries),,11477,4.911111111,,,450 g,2.21,,,https://static.ah.nl/static/product/AHI_434d50313231323533_1_LowRes_JPG.JPG
wi199083,NL ah,Kokki Djawa Boemboe saté speciaal 500 g ,1,,Pasta. rijst. internationale keuken/Satésaus,,27059,4.9,,,500 g,2.45,,,https://static.ah.nl/static/product/AHI_434d50303239333839_1_LowRes_JPG.JPG
wi196282,NL ah,AH BASIC Tablet puur 100 g ,1,,Snoep. koek. chips/Pure chocolade,,19902,4.9,,,100 g,0.49,,,https://static.ah.nl/static/product/AHI_434d50303930383537_2_LowRes_JPG.JPG
wi172376,NL ah,Grand'Italia Pasta per zuppa vermicelli 250 g ,1,,Soepen. conserven. sauzen. smaakmakers/Vermicelli,,20420,4.88,,,250 g,1.22,,,https://static.ahold.com/cmgtcontent/media//001755400/000/001755434_004_172376_708.jpg
wi162837,NL ah,Remia Satésaus hot kant-en-klaar 265 ml ,1,,Pasta. rijst. internationale keuken/Satésaus,,27059,4.867924528,,,265 ml,1.29,,,https://static.ahold.com/cmgtcontent/media//001253100/000/001253194_001_162837_708.jpg
wi197736,NL ah,AH BASIC Katjang pedis 300 g ,1,,Snoep. koek. chips/Pinda's (groot),,16087,4.866666667,,,300 g,1.46,,,https://static.ah.nl/static/product/AHI_434d50313036313132_1_LowRes_JPG.JPG
wi367996,NL ah,Quaker Havermout granola naturel 450 g ,1,,Ontbijtgranen. broodbeleg. tussendoor/Granola (naturel),,08037,4.866666667,,,450 g,2.19,,,https://static.ah.nl/static/product/AHI_434d50323835313830_3_LowRes_JPG.JPG
wi53543/,NL ah,Ouwehand Rolmops 355 g ,1,,Soepen. conserven. sauzen. smaakmakers/Haring (conserven),,15041,4.845070423,,,355 g,1.72,,,https://static.ah.nl/static/product/AHI_434d50303133373730_2_LowRes_JPG.JPG
wi53542/,NL ah,Ouwehand Zure haring 355 g ,1,,Soepen. conserven. sauzen. smaakmakers/Haring (conserven),,15041,4.845070423,,,355 g,1.72,,,https://static.ah.nl/static/product/AHI_434d50303133373433_2_LowRes_JPG.JPG
wi222201,NL ah,Solo Boter plantaardig 250 g ,1,,Zuivel. eieren/Ongezouten roomboter,,01145,4.84,,,250 g,1.21,,,https://static.ahold.com/cmgtcontent/media//001099700/000/001099714_002_222201_708.jpg
wi203286,NL ah,Hak Witte bonen in tomatensaus 180 g ,1,,Aardappel. groente. fruit/Witte bonen (conserven),,11046,4.833333333,,,180 g,0.87,,,https://static.ahold.com/cmgtcontent/media//001553400/000/001553418_003_203286_708.jpg
wi195556,NL ah,Bonduelle Bruine bonen 175 g ,1,,Aardappel. groente. fruit/Bruine bonen (conserven),,16027,4.8,,,175 g,0.84,,,https://static.ah.nl/static/product/AHI_434d5035313030363236_1_LowRes_JPG.JPG
wi198359,NL ah,Yanco Tiantan vermicelli 100 g ,1,,Soepen. conserven. sauzen. smaakmakers/Vermicelli,,20420,4.8,,,100 g,0.48,,,https://static.ah.nl/static/product/AHI_434d50303432323139_1_LowRes_JPG.JPG
wi236940,NL ah,AH Avocado's 750 g ,1,,Aardappel. groente. fruit/Avocado,,09037,4.786666667,,,750 g,3.59,,,https://static.ah.nl/static/product/AHI_434d50313934393638_3_LowRes_JPG.JPG
wi165310,NL ah,Del Monte Halve abrikozen op lichte siroop 227 g ,1,,Aardappel. groente. fruit/Abrikozen (conserven),,09021,4.757709251,,,227 g,1.08,,,https://static.ahold.com/cmgtcontent/media//001641000/000/001641052_002_165310_708.jpg
wi104081,NL ah,Bonduelle Kikkererwten 310 g ,1,,Aardappel. groente. fruit/Kikkererwten (conserven),,16056,4.741935484,,,310 g,1.47,,,https://static.ah.nl/static/product/AHI_434d50313734373037_2_LowRes_JPG.JPG
wi223179,NL ah,Elvea Cubetti tomatenblokjes arrabbiata 400 g ,1,,Pasta. rijst. internationale keuken/Tomatenblokjes (conserven),,11529,4.725,,,400 g,1.89,,,https://static.ah.nl/static/product/AHI_434d5033373235333130_1_LowRes_JPG.JPG
wi223180,NL ah,Elvea Cubetti tomatenblokjes verse basilicum 400 g ,1,,Pasta. rijst. internationale keuken/Tomatenblokjes (conserven),,11529,4.725,,,400 g,1.89,,,https://static.ah.nl/static/product/AHI_434d50363534313338_1_LowRes_JPG.JPG
wi199140,NL ah,Inproba Pinda satésaus 68 g ,1,,Pasta. rijst. internationale keuken/Satésaus,,27059,4.705882353,,,68 g,0.32,,,https://static.ahold.com/cmgtcontent/media//001216100/000/001216146_002_199140_708.jpg
wi395113,NL ah,Kri Kri The original Greek yogurt 0% 500 g ,1,,Zuivel. eieren/Griekse yoghurt naturel,,01287,4.7,,,500 g,2.35,,,https://static.ahold.com/cmgtcontent/media//001572800/000/001572882_002_395113_708.jpg
wi230434,NL ah,Fairtrade Original Mangoschijven op lichte siroop 425 g ,1,,Soepen. conserven. sauzen. smaakmakers/Mango (conserven),,09176,4.682352941,,,425 g,1.99,,,https://static.ahold.com/cmgtcontent/media//001928700/000/001928794_001_230434_708.jpg
wi199923,NL ah,AH Biologisch Groene olijven zonder pit 240 g ,1,,Pasta. rijst. internationale keuken/Groene olijven,,09195,4.666666667,,,240 g,1.12,,,https://static.ah.nl/static/product/AHI_434d50323033323937_1_LowRes_JPG.JPG
wi419470,NL ah,Honig Macaroni spelt 550 g ,1,,Pasta. rijst. internationale keuken/Macaroni,,20420,4.654545455,,,550 g,2.56,,,https://static.ahold.com/cmgtcontent/media//001800300/000/001800350_001_419470_708.jpg
wi419474,NL ah,Honig Spaghetti spelt 550 g ,1,,Pasta. rijst. internationale keuken/Spaghetti (houdbaar),,20420,4.654545455,,,550 g,2.56,,,https://static.ahold.com/cmgtcontent/media//001800300/000/001800344_001_419474_708.jpg
wi123431,NL ah,AH Pindakaas met stukjes pinda voordeel 600 g ,1,,Ontbijtgranen. broodbeleg. tussendoor/Pindakaas,,16398,4.65,,,600 g,2.79,,,https://static.ah.nl/static/product/AHI_434d50303736393030_2_LowRes_JPG.JPG
wi123432,NL ah,AH Pindakaas voordeel 600 g ,1,,Ontbijtgranen. broodbeleg. tussendoor/Pindakaas,,16398,4.65,,,600 g,2.79,,,https://static.ah.nl/static/product/AHI_434d50313937363635_2_LowRes_JPG.JPG
wi87435/,NL ah,Wijko Satésaus 1 kg ,1,,Pasta. rijst. internationale keuken/Satésaus,,27059,4.65,,,1 kg,4.65,,,https://static.ah.nl/static/product/AHI_434d5031303637383933_1_LowRes_JPG.JPG
wi410043,NL ah,Quaker Granola noten-zaden 450 g ,1,,Ontbijtgranen. broodbeleg. tussendoor/Granola (noten),,08037,4.644444444,,,450 g,2.09,,,https://static.ah.nl/static/product/AHI_4354525f36303134333531_2_LowRes_JPG.JPG
wi419850,NL ah,Qarc Hangop naturel 375 g ,1,,Zuivel. eieren/Volle yoghurt,,01118,4.64,,,375 g,1.74,,,https://static.ahold.com/cmgtcontent/media//001800300/000/001800390_001_419850_708.jpg
wi165859,NL ah,AH Biologisch Rodekool gesneden 300 g ,1,,Aardappel. groente. fruit/Rode kool (vers),,11112,4.633333333,,,300 g,1.39,,,https://static.ah.nl/static/product/AHI_434d5034303735383232_3_LowRes_JPG.JPG
wi435429,NL ah,AH Snoepgroente gekleurde worteltjes 300 g ,1,,Aardappel. groente. fruit/Wortelen (vers),,11124,4.633333333,,,300 g,1.39,,,https://static.ah.nl/static/product/AHI_434d5038353733373933_1_LowRes_JPG.JPG
wi223182,NL ah,Elvea Cubetti tomatenblokjes verse groenten 400 g ,1,,Pasta. rijst. internationale keuken/Tomatenblokjes (conserven),,11529,4.625,,,400 g,1.85,,,https://static.ah.nl/static/product/AHI_434d50363536343039_1_LowRes_JPG.JPG
wi226968,NL ah,AH Mosselen medium 2 kg ,1,,Vlees. kip. vis. vega/Mosselen (vers),,15164,4.62,,,2 kg,9.24,,,https://static.ah.nl/static/product/AHI_434d50313639303532_4_LowRes_JPG.JPG
wi104082,NL ah,Bonduelle Linzen 310 g ,1,,Soepen. conserven. sauzen. smaakmakers/Linzen (conserven),,16070,4.612903226,,,310 g,1.43,,,https://static.ah.nl/static/product/AHI_434d50313734373234_1_LowRes_JPG.JPG
wi377126,NL ah,AH Knoflook voordeel 250 g ,1,,Aardappel. groente. fruit/Knoflook (vers),,11215,4.6,,,250 g,1.15,,,https://static.ah.nl/static/product/AHI_434d50323139323732_4_LowRes_JPG.JPG
wi169176,NL ah,AH Half om half gehakt 1 kg ,1,,Vlees. kip. vis. vega/Gehakt (half-om-half),,10972,4.59,,,1 kg,4.59,,,https://static.ah.nl/static/product/AHI_434d50313232363630_2_LowRes_JPG.JPG
wi213113,NL ah,Verstegen Satésaus kant-en-klaar 500 g ,1,,Pasta. rijst. internationale keuken/Satésaus,,27059,4.58,,,500 g,2.29,,,https://static.ah.nl/static/product/AHI_434d50313731383634_1_LowRes_JPG.JPG
wi164408,NL ah,Wijko Satésaus kant-en-klaar 500 g ,1,,Pasta. rijst. internationale keuken/Satésaus,,27059,4.58,,,500 g,2.29,,,https://static.ah.nl/static/product/AHI_434d50323837383430_1_LowRes_JPG.JPG
wi411081,NL ah,AH Roodschillige aardappelpartjes gekruid 450 g ,1,,Aardappel. groente. fruit/Aardappelpartjes (vers),,11352,4.577777778,,,450 g,2.06,,,https://static.ah.nl/static/product/AHI_434d50323837383739_1_LowRes_JPG.JPG
wi419559,NL ah,Bellezza Mozzarella 125 g ,1,,Kaas. vleeswaren. delicatessen/Mozzarella,,43597,4.56,,,125 g,0.57,,,https://static.ah.nl/static/product/AHI_434d5036363938353433_1_LowRes_JPG.JPG
wi195912,NL ah,De Zaanse Hoeve Sour cream 125 g ,1,,Zuivel. eieren/Zure room,,01056,4.56,,,125 g,0.57,,,https://static.ah.nl/static/product/AHI_434d50303338373038_1_LowRes_JPG.JPG
wi199772,NL ah,AH Smaakmakermix 450 g ,1,,Aardappel. groente. fruit/Rode uien,,11282,4.555555556,,,450 g,2.05,,,https://static.ah.nl/static/product/AHI_434d50303037353030_3_LowRes_JPG.JPG
wi429950,NL ah,Grand'Italia Mini penne integrali 350 g ,1,,Pasta. rijst. internationale keuken/Penne,,20420,4.542857143,,,350 g,1.59,,,https://static.ahold.com/cmgtcontent/media//001883000/000/001883042_003_429950_708.jpg
wi129364,NL ah,Jazz Appelen 4 stuks ,1,,Aardappel. groente. fruit/Appels zoet,,09003,4.54,,,4 stuks,2.29,,,https://static.ah.nl/static/product/AHI_434d5033343539333838_1_LowRes_JPG.JPG
wi212139,NL ah,Hak Worteltjes extra fijn 190 g ,1,,Soepen. conserven. sauzen. smaakmakers/Wortelen (conserven),,11124,4.526315789,,,190 g,0.86,,,https://static.ahold.com/cmgtcontent/media//001553400/000/001553432_003_212139_708.jpg
wi226499,NL ah,AH Spinazie roomkaas met tomatenstukjes 400 g ,1,,Aardappel. groente. fruit/Spinazie (diepvries),,11457,4.5,,,400 g,1.8,,,https://static.ah.nl/static/product/AHI_434d50313738333435_1_LowRes_JPG.JPG
wi408058,NL ah,Carbonell Groene olijven gevuld met paprikapasta 180 g ,1,,Pasta. rijst. internationale keuken/Groene olijven,,09195,4.5,,,180 g,0.81,,,https://static.ahold.com/cmgtcontent/media//001674400/000/001674470_002_408058_708.jpg
wi207337,NL ah,Hak Rode kool met stukjes appel 180 g ,1,,Aardappel. groente. fruit/Rode kool (conserven),,11112,4.5,,,180 g,0.81,,,https://static.ahold.com/cmgtcontent/media//001553400/000/001553426_003_207337_708.jpg
wi197685,NL ah,Ouwehand Zure haring emmer 870 g ,1,,Soepen. conserven. sauzen. smaakmakers/Haring (conserven),,15041,4.494252874,,,870 g,3.91,,,https://static.ah.nl/static/product/AHI_434d50303430313635_1_LowRes_JPG.JPG
wi168153,NL ah,AH IJsbergsla voordeel 400 g ,1,,Aardappel. groente. fruit/IJsbergsla gesneden,,11252,4.475,,,400 g,1.79,,,https://static.ah.nl/static/product/AHI_434d50323038383734_6_LowRes_JPG.JPG
wi136836,NL ah,AH Tortilla wraps 8 stuks ,1,,Pasta. rijst. internationale keuken/Tortilla. wrap. burrito,,18450,4.47,,,8 stuks,1.43,,,https://static.ah.nl/static/product/AHI_434d50303538333031_3_LowRes_JPG.JPG
wi239019,NL ah,Garlan Cream cheese 70+ kruiden-knoflook 150 g ,1,,Ontbijtgranen. broodbeleg. tussendoor/Roomkaas (kruiden),,01017,4.466666667,,,150 g,0.67,,,https://static.ah.nl/static/product/AHI_434d5038313838313033_2_LowRes_JPG.JPG
wi196650,NL ah,Honig Figuurvermicelli cijfers & letters 275 g ,1,,Soepen. conserven. sauzen. smaakmakers/Vermicelli,,20420,4.436363636,,,275 g,1.22,,,https://static.ahold.com/cmgtcontent/media//001637900/000/001637920_001_196650_708.jpg
wi411609,NL ah,EvraFish Paprykarz 300 g ,1,,Soepen. conserven. sauzen. smaakmakers/Sardines (conserven),,15088,4.433333333,,,300 g,1.33,,,https://static.ahold.com/cmgtcontent/media//001706900/000/001706990_001_411609_708.jpg
wi408444,NL ah,SamMills Pasta alfabet voor kinderen glutenvrij 300 g ,1,,Bewuste voeding/Glutenvrije pasta (houdbaar),,20420,4.433333333,,,300 g,1.33,,,https://static.ahold.com/cmgtcontent/media//001698400/000/001698410_001_408444_708.jpg
wi368012,NL ah,AH Vezelrijke speltmout vlokken 450 g ,1,,Ontbijtgranen. broodbeleg. tussendoor/Havermout (regular),,08120,4.422222222,,,450 g,1.99,,,https://static.ah.nl/static/product/AHI_434d50323137303335_4_LowRes_JPG.JPG
wi80585/,NL ah,AH Pitloze witte druiven 500 g ,1,,Aardappel. groente. fruit/Verse witte druiven,,09132,4.42,,,500 g,2.21,,,https://static.ah.nl/static/product/AHI_43545236323334373438_1_LowRes_JPG.JPG
wi128875,NL ah,AH Trostomaten 5 stuks ,1,,Aardappel. groente. fruit/Trostomaat,,11529,4.42,,,5 stuks,1.99,,,https://static.ah.nl/static/product/AHI_434d50303434303438_8_LowRes_JPG.JPG
wi123723,NL ah,AH Biologisch Elstar 4 stuks ,1,,Aardappel. groente. fruit/Appels friszoet,,09003,4.41,,,4 stuks,3.09,,,https://static.ah.nl/static/product/AHI_43545236313731313230_1_LowRes_JPG.JPG
wi39039/,NL ah,AH Perzikpartjes op siroop 225 g ,1,,Aardappel. groente. fruit/Perziken (conserven),,09236,4.4,,,225 g,0.99,,,https://static.ah.nl/static/product/AHI_434d50323033313837_1_LowRes_JPG.JPG
wi39998/,NL ah,AH Kipdrumsticks gekruid 1 kg ,1,,Vlees. kip. vis. vega/Kipdrumsticks,,05096,4.39,,,1 kg,4.39,,,https://static.ah.nl/static/product/AHI_434d50313331383034_3_LowRes_JPG.JPG
wi365959,NL ah,Hak Bruine bonen uit Zeeland 210 g ,1,,Aardappel. groente. fruit/Bruine bonen (conserven),,16027,4.380952381,,,210 g,0.92,,,https://static.ah.nl/static/product/AHI_43545236313232333931_1_LowRes_JPG.JPG
wi428667,NL ah,AH Ovenkriel roodschillig Italiaans 500 g ,1,,Aardappel. groente. fruit/Ovenklare aardappelen,,11352,4.38,,,500 g,2.19,,,https://static.ah.nl/static/product/AHI_434d5034343430383935_3_LowRes_JPG.JPG
wi197583,NL ah,Lassie Panklaar zilvervliesrijst 270 g ,1,,Pasta. rijst. internationale keuken/Zilvervlies rijst,,20041,4.37037037,,,270 g,1.18,,,https://static.ah.nl/static/product/AHI_434d50313830353235_1_LowRes_JPG.JPG
wi202059,NL ah,Jozo Fijn zeezout 300 g ,1,,Soepen. conserven. sauzen. smaakmakers/Zeezout,,02047,4.366666667,,,300 g,1.31,,,https://static.ahold.com/cmgtcontent/media//001812800/000/001812808_001_202059_708.jpg
wi395960,NL ah,AH Spinazie 400 g ,1,,Aardappel. groente. fruit/Spinazie (vers),,11457,4.35,,,400 g,1.74,,,https://static.ah.nl/static/product/AHI_434d50323633343832_1_LowRes_JPG.JPG
wi216289,NL ah,Bonduelle Gebroken sperzieboontjes fijn 200 g ,1,,Aardappel. groente. fruit/Sperziebonen (conserven),,11052,4.35,,,200 g,0.87,,,https://static.ah.nl/static/product/AHI_434d5035313030363432_1_LowRes_JPG.JPG
wi119303,NL ah,Del Monte Mangoschijven op lichte siroop 425 g ,1,,Soepen. conserven. sauzen. smaakmakers/Mango (conserven),,09176,4.329411765,,,425 g,1.84,,,https://static.ahold.com/cmgtcontent/media//001555600/000/001555626_002_119303_708.jpg
wi226361,NL ah,Bonduelle Franse sperzieboontjes 400 g ,1,,Aardappel. groente. fruit/Spinazie (diepvries),,11457,4.325,,,400 g,1.73,,,https://static.ah.nl/static/product/AHI_434d50323634323236_1_LowRes_JPG.JPG
wi185582,NL ah,Del Monte Ananasblokjes op sap 227 g ,1,,Aardappel. groente. fruit/Ananas (conserven),,09266,4.317180617,,,227 g,0.98,,,https://static.ahold.com/cmgtcontent/media//001369900/000/001369972_003_185582_708.jpg
wi3913/a,NL ah,AH Kipdrumsticks 600 g ,1,,Vlees. kip. vis. vega/Kipdrumsticks,,05096,4.316666667,,,600 g,2.59,,,https://static.ah.nl/static/product/AHI_434d50323338303939_3_LowRes_JPG.JPG
wi211742,NL ah,AH Kipdrumsticks gekruid 600 g ,1,,Vlees. kip. vis. vega/Kipdrumsticks,,05096,4.316666667,,,600 g,2.59,,,https://static.ah.nl/static/product/AHI_434d50323738363131_1_LowRes_JPG.JPG
wi226180,NL ah,AH Regenboog wortelmix 600 g ,1,,Aardappel. groente. fruit/Wortelen (vers),,11124,4.316666667,,,600 g,2.59,,,https://static.ah.nl/static/product/AHI_434d50313739313737_4_LowRes_JPG.JPG
40937BAK,NL jumbo,Jumbo Druiven Rood Pitloos 500g,1,,Fruit,,09132,4.3,,,500 g,2.15,,,https://static-images.jumbo.com/product_images/40937BAK-1_720x720.png
wi197642,NL ah,Lassie Couscous 275 g ,1,,Pasta. rijst. internationale keuken/Couscous - naturel,,20028,4.290909091,,,275 g,1.18,,,https://static.ah.nl/static/product/AHI_434d50303239323639_2_LowRes_JPG.JPG
wi111733,NL ah,AH Kipdrumsticks 1 kg ,1,,Vlees. kip. vis. vega/Kipdrumsticks,,05096,4.29,,,1 kg,4.29,,,https://static.ah.nl/static/product/AHI_434d50323332333831_3_LowRes_JPG.JPG
wi124477,NL ah,Bonduelle Fijne spinazie gehakt 195 g ,1,,Soepen. conserven. sauzen. smaakmakers/Spinazie (conserven),,11457,4.256410256,,,195 g,0.83,,,https://static.ahold.com/cmgtcontent/media//000977800/000/000977806_001_124477_708.jpg
wi385410,NL ah,Del Monte Ananasschijven op sap 220 g ,1,,Aardappel. groente. fruit/Ananas (conserven),,09266,4.227272727,,,220 g,0.93,,,https://static.ahold.com/cmgtcontent/media//001466700/000/001466774_002_385410_708.jpg
wi408990,NL ah,Mekkafood Classic 12 burgers 780 g ,1,,Diepvries/Burgers (diepvries),,23572,4.205128205,,,780 g,3.28,,,https://static.ahold.com/cmgtcontent/media//001688000/000/001688082_006_408990_708.jpg
wi195655,NL ah,Aarts Perziken op lichte siroop 560 g ,1,,Aardappel. groente. fruit/Perziken (conserven),,09236,4.196428571,,,560 g,2.35,,,https://static.ah.nl/static/product/AHI_434d50303234343538_1_LowRes_JPG.JPG
wi195625,NL ah,Del Monte Halve peren op sap 415 g ,1,,Aardappel. groente. fruit/Halve peren (conserven),,09252,4.192771084,,,415 g,1.74,,,https://static.ahold.com/cmgtcontent/media//001641000/000/001641060_002_195625_708.jpg
wi450227,NL ah,De Cecco Maccheroni 500 g ,1,,Pasta. rijst. internationale keuken/Macaroni,,20420,4.18,,,500 g,2.09,,,https://static.ahold.com/cmgtcontent/media//002088600/000/002088694_005_450227_708.jpg
wi450226,NL ah,De Cecco Mafaldine 500 g ,1,,Pasta. rijst. internationale keuken/Macaroni,,20420,4.18,,,500 g,2.09,,,https://static.ahold.com/cmgtcontent/media//002088600/000/002088692_005_450226_708.jpg
wi450228,NL ah,De Cecco Mezzi pennoni rigati 500 g ,1,,Pasta. rijst. internationale keuken/Rigatoni,,20420,4.18,,,500 g,2.09,,,https://static.ahold.com/cmgtcontent/media//002088600/000/002088696_005_450228_708.jpg
wi450222,NL ah,De Cecco Orecchiette 500 g ,1,,Pasta. rijst. internationale keuken/Orecchiette,,20420,4.18,,,500 g,2.09,,,https://static.ahold.com/cmgtcontent/media//002088600/000/002088688_005_450222_708.jpg
wi450229,NL ah,De Cecco Sedani rigati 500 g ,1,,Pasta. rijst. internationale keuken/Rigatoni,,20420,4.18,,,500 g,2.09,,,https://static.ahold.com/cmgtcontent/media//002093800/000/002093826_002_450229_708.jpg
wi80110/,NL ah,AH Groene olijven met knoflook 240 g ,1,,Pasta. rijst. internationale keuken/Groene olijven,,09195,4.166666667,,,240 g,1,,,https://static.ah.nl/static/product/AHI_434d50323532313539_1_LowRes_JPG.JPG
187039BL,NL jumbo,Del Monte Mangoschijven op Lichte Siroop 425g,1,,Fruit,,09176,4.164705882,,,425 g,1.77,,,https://static-images.jumbo.com/product_images/187039BLK-1_720x720.png
wi202662,NL ah,Inproba Gehakte knoflook 200 g ,1,,Aardappel. groente. fruit/Knoflook (in pot),,11215,4.15,,,200 g,0.83,,,https://static.ahold.com/cmgtcontent/media//001216100/000/001216132_001_202662_708.jpg
wi213920,NL ah,Hak Spinazie met room 345 g ,1,,Soepen. conserven. sauzen. smaakmakers/Spinazie (conserven),,11457,4.144927536,,,345 g,1.43,,,https://static.ahold.com/cmgtcontent/media//000957700/000/000957792_005_213920_708.jpg
wi117190,NL ah,Pink Lady Appelen 4 stuks ,1,,Aardappel. groente. fruit/Appels extra zoet,,09003,4.14,,,4 stuks,2.69,,,https://static.ah.nl/static/product/AHI_434d50313032313132_2_LowRes_JPG.JPG
wi374985,NL ah,AH Biologisch Zoete aardappelen 750 g ,1,,Aardappel. groente. fruit/Zoete aardappelen,,11507,4.12,,,750 g,3.09,,,https://static.ah.nl/static/product/AHI_434d5034343430383938_2_LowRes_JPG.JPG
wi162838,NL ah,Remia Satésaus kant-en-klaar 265 ml ,1,,Pasta. rijst. internationale keuken/Satésaus,,27059,4.113207547,,,265 ml,1.09,,,https://static.ah.nl/static/product/AHI_434d50323031303331_1_LowRes_JPG.JPG
wi429618,NL ah,Consenza Volkoren maïs macaroni 500 g ,1,,Bewuste voeding/Glutenvrije pasta (houdbaar),,20420,4.1,,,500 g,2.05,,,https://static.ahold.com/cmgtcontent/media//001921000/000/001921000_001_429618_708.jpg
wi210484,NL ah,De Cecco Farfalle n° 93 500 g ,1,,Pasta. rijst. internationale keuken/Farfalle,,20420,4.1,,,500 g,2.05,,,https://static.ah.nl/static/product/AHI_434d5034333538333339_1_LowRes_JPG.JPG
wi191055,NL ah,De Cecco Gnocchi di patate 500 g ,1,,Pasta. rijst. internationale keuken/Gnocchi (houdbaar),,20420,4.1,,,500 g,2.05,,,https://static.ah.nl/static/product/AHI_434d50303935373533_1_LowRes_JPG.JPG
wi197039,NL ah,De Cecco Linguine n° 7 500 g ,1,,Pasta. rijst. internationale keuken/Tagliatelli. fettucini. linguine (houdbaar),,20420,4.1,,,500 g,2.05,,,https://static.ah.nl/static/product/AHI_434d50303136323134_2_LowRes_JPG.JPG
wi210483,NL ah,De Cecco Mezzi rigatoni n° 26 500 g ,1,,Pasta. rijst. internationale keuken/Rigatoni,,20420,4.1,,,500 g,2.05,,,https://static.ah.nl/static/product/AHI_434d50323433323537_1_LowRes_JPG.JPG
wi409907,NL ah,De Cecco Penne rigate integrali n° 41 500 g ,1,,Pasta. rijst. internationale keuken/Penne,,20420,4.1,,,500 g,2.05,,,https://static.ahold.com/cmgtcontent/media//001704600/000/001704634_001_409907_708.jpg
wi197040,NL ah,De Cecco Penne rigate n° 41 500 g ,1,,Pasta. rijst. internationale keuken/Penne,,20420,4.1,,,500 g,2.05,,,https://static.ah.nl/static/product/AHI_434d50303136323032_2_LowRes_JPG.JPG
wi237680,NL ah,De Cecco Riso n° 74 500 g ,1,,Pasta. rijst. internationale keuken/Riso,,20420,4.1,,,500 g,2.05,,,https://static.ah.nl/static/product/AHI_434d50313937353630_1_LowRes_JPG.JPG
wi409906,NL ah,De Cecco Spaghetti integrali n° 12 500 g ,1,,Pasta. rijst. internationale keuken/Spaghetti (houdbaar),,20420,4.1,,,500 g,2.05,,,https://static.ah.nl/static/product/AHI_434d5035303139353836_1_LowRes_JPG.JPG
wi197037,NL ah,De Cecco Spaghetti n° 12 500 g ,1,,Pasta. rijst. internationale keuken/Spaghetti (houdbaar),,20420,4.1,,,500 g,2.05,,,https://static.ah.nl/static/product/AHI_434d50303432343232_2_LowRes_JPG.JPG
wi197038,NL ah,De Cecco Spaghettini n° 11 500 g ,1,,Pasta. rijst. internationale keuken/Spaghetti (houdbaar),,20420,4.1,,,500 g,2.05,,,https://static.ah.nl/static/product/AHI_434d50303035393434_2_LowRes_JPG.JPG
wi375941,NL ah,De Cecco Spaghettoni quadrati n° 413 500 g ,1,,Pasta. rijst. internationale keuken/Spaghetti (houdbaar),,20420,4.1,,,500 g,2.05,,,https://static.ah.nl/static/product/AHI_434d50323237353138_1_LowRes_JPG.JPG
wi233669,NL ah,Di Martino Spaghettini 500 g ,1,,Pasta. rijst. internationale keuken/Spaghetti (houdbaar),,20420,4.1,,,500 g,2.05,,,https://static.ahold.com/cmgtcontent/media//001244200/000/001244236_001_233669_708.jpg
wi419855,NL ah,Pur Natur Biologische Greek style 8% 500 G ,1,,Zuivel. eieren/Griekse yoghurt naturel,,01287,4.1,,,500 G,2.05,,,https://static.ah.nl/static/product/AHI_434d5035333133313439_1_LowRes_JPG.JPG
wi399681,NL ah,CêlaVíta Krokante mini-krieltjes 400 g ,1,,Aardappel. groente. fruit/Krieltjes - geschild,,11352,4.1,,,400 g,1.64,,,https://static.ahold.com/cmgtcontent/media//001595000/000/001595034_002_399681_708.jpg
wi209178,NL ah,AH Biologisch Appelen 1 kg ,1,,Aardappel. groente. fruit/Appels friszoet,,09003,4.1,,,1 kg,4.1,,,https://static.ah.nl/static/product/AHI_434d50323638313732_2_LowRes_JPG.JPG
wi417952,NL ah,AH Biologisch Broccoli 350 g ,1,,Aardappel. groente. fruit/Broccoli (vers),,11090,4.085714286,,,350 g,1.43,,,https://static.ahold.com/cmgtcontent/media//001782800/000/001782842_001_417952_708.jpg
wi196845,NL ah,Grand'Italia Mini penne tradizionali 350 g ,1,,Pasta. rijst. internationale keuken/Penne,,20420,4.085714286,,,350 g,1.43,,,https://static.ahold.com/cmgtcontent/media//001641700/000/001641774_002_196845_708.jpg
wi196694,NL ah,AH Kleintje aardappelpartjes met schil 200 g ,1,,Aardappel. groente. fruit/Aardappelpartjes (vers),,11352,4.05,,,200 g,0.81,,,https://static.ah.nl/static/product/AHI_434d50303038363239_2_LowRes_JPG.JPG
wi39196/,NL ah,Bonduelle Rode kool met appel 200 g ,1,,Aardappel. groente. fruit/Rode kool (conserven),,11112,4.05,,,200 g,0.81,,,https://static.ah.nl/static/product/AHI_434d50353939343033_1_LowRes_JPG.JPG
wi195510,NL ah,Bonduelle Spruitjes 200 g ,1,,Aardappel. groente. fruit/Spruiten (conserven),,11098,4.05,,,200 g,0.81,,,https://static.ah.nl/static/product/AHI_434d50303234373132_1_LowRes_JPG.JPG
wi39203/,NL ah,Bonduelle Witte bonen in tomatensaus 200 g ,1,,Aardappel. groente. fruit/Witte bonen (conserven),,11046,4.05,,,200 g,0.81,,,https://static.ahold.com/cmgtcontent/media//001535900/000/001535924_001_39203_708.jpg
wi374217,NL ah,Del Monte Halve perziken op lichte siroop 420 g ,1,,Aardappel. groente. fruit/Perziken (conserven),,09236,4.047619048,,,420 g,1.7,,,https://static.ahold.com/cmgtcontent/media//001369900/000/001369982_003_374217_708.jpg
wi60609/,NL ah,AH Groene olijven met piment 240 g ,1,,Pasta. rijst. internationale keuken/Groene olijven,,09195,4.041666667,,,240 g,0.97,,,https://static.ah.nl/static/product/AHI_434d50323532313631_1_LowRes_JPG.JPG
wi47344/,NL ah,AH Bietjes gekookt 500 g ,1,,Aardappel. groente. fruit/Bietjes (vers),,11080,4,,,500 g,2,,,https://static.ah.nl/static/product/AHI_43545236383434333739_1_LowRes_JPG.JPG
wi428747,NL ah,Del Monte Ananassticks op sap 435 g ,1,,Aardappel. groente. fruit/Ananas (conserven),,09266,4,,,435 g,1.74,,,https://static.ahold.com/cmgtcontent/media//001867900/000/001867938_001_428747_708.jpg
wi144308,NL ah,Lassie Panklaar toverrijst 270 g ,1,,Pasta. rijst. internationale keuken/Witte rijst,,20452,4,,,270 g,1.08,,,https://static.ah.nl/static/product/AHI_434d50313830353332_1_LowRes_JPG.JPG
wi417059,NL ah,AH Aardbeien 1 kg ,1,,Aardappel. groente. fruit/Aardbeien (diepvries),,09316,3.99,,,1 kg,3.99,,,https://static.ah.nl/static/product/AHI_434d50363132303831_1_LowRes_JPG.JPG
212959ZK,NL jumbo,Jumbo Blauwe Bessen 750g,1,,Diepvries,,09050,3.986666667,,,750 g,2.99,,,https://static-images.jumbo.com/product_images/010920180911_212959ZK-1_720x720.png
212958ZK,NL jumbo,Jumbo Frambozen 750g,1,,Diepvries,,09302,3.986666667,,,750 g,2.99,,,https://static-images.jumbo.com/product_images/200920180701_212958ZK-1_720x720.png
wi160707,NL ah,AH Spinazie voordeel 600 g ,1,,Aardappel. groente. fruit/Spinazie (vers),,11457,3.983333333,,,600 g,2.39,,,https://static.ah.nl/static/product/AHI_434d50323539373233_2_LowRes_JPG.JPG
wi343585,NL ah,Danone Verse magere kaas 500 g ,1,,Kaas. vleeswaren. delicatessen/Huttenkase,,01012,3.98,,,500 g,1.99,,,https://static.ahold.com/cmgtcontent/media//001728500/000/001728526_001_343585_708.jpg
wi386442,NL ah,Grand'Italia Gnocchi di patate 500 g ,1,,Pasta. rijst. internationale keuken/Gnocchi (houdbaar),,20420,3.98,,,500 g,1.99,,,https://static.ahold.com/cmgtcontent/media//001478400/000/001478466_004_386442_708.jpg
wi168879,NL ah,Grand'Italia Linguine all'uovo 500 g ,1,,Pasta. rijst. internationale keuken/Spaghetti (houdbaar),,20420,3.98,,,500 g,1.99,,,https://static.ahold.com/cmgtcontent/media//001652600/000/001652694_002_168879_708.jpg
wi159763,NL ah,AH Ongewassen spinazie 450 g ,1,,Aardappel. groente. fruit/Spinazie (vers),,11457,3.977777778,,,450 g,1.79,,,https://static.ah.nl/static/product/AHI_434d50303434303736_5_LowRes_JPG.JPG
wi115036,NL ah,Bonduelle Maiskolven 450 g ,1,,Diepvries/Mais (diepvries),,11167,3.977777778,,,450 g,1.79,,,https://static.ah.nl/static/product/AHI_434d50323035383839_1_LowRes_JPG.JPG
wi164563,NL ah,Del Monte Halve perziken op sap 415 g ,1,,Aardappel. groente. fruit/Perziken (conserven),,09236,3.975903614,,,415 g,1.65,,,https://static.ahold.com/cmgtcontent/media//001369900/000/001369974_003_164563_708.jpg
wi162735,NL ah,Bonduelle Bloemkoolroosjes 400 g ,1,,Aardappel. groente. fruit/Bloemkool (diepvries),,11135,3.975,,,400 g,1.59,,,https://static.ahold.com/cmgtcontent/media//001294500/000/001294574_001_162735_708.jpg
wi412497,NL ah,Fairtrade Original Biologische zilvervlies rijst 400 g ,1,,Pasta. rijst. internationale keuken/Zilvervlies rijst,,20041,3.975,,,400 g,1.59,,,https://static.ahold.com/cmgtcontent/media//001711700/000/001711794_002_412497_708.jpg
wi401995,NL ah,Iglo Spinazie met alpro 400 g ,1,,Aardappel. groente. fruit/Spinazie (diepvries),,11457,3.975,,,400 g,1.59,,,https://static.ah.nl/static/product/AHI_43545236313930363130_1_LowRes_JPG.JPG
wi450484,NL ah,Hak Rode kool met appel 0% 350 g ,1,,Aardappel. groente. fruit/Rode kool (conserven),,11112,3.971428571,,,350 g,1.39,,,https://static.ahold.com/cmgtcontent/media//002087200/000/002087268_002_450484_708.jpg
wi430428,NL ah,AH Liefde & Passie Tritordeum volkoren (ongesneden) per stuk ,1,,Bakkerij/Volkoren brood (ovenvers),,18075,3.961904762,,525.00 g,per stuk,2.08,,,https://static.ah.nl/static/product/AHI_434d5036373032343438_1_LowRes_JPG.JPG
wi446488,NL ah,AH Biologisch Gekookte mini rode bieten 250 g ,1,,Aardappel. groente. fruit/Bietjes (vers),,11080,3.96,,,250 g,0.99,,,https://static.ah.nl/static/product/AHI_43545236313834333236_2_LowRes_JPG.JPG
wi4169/a,NL ah,AH Champignons fijn 250 g ,1,,Aardappel. groente. fruit/Champignons (vers),,11260,3.96,,,250 g,0.99,,,https://static.ah.nl/static/product/AHI_434d50323330363532_4_LowRes_JPG.JPG
wi60045/,NL ah,Del Monte Ananasschijven op siroop 234 g ,1,,Aardappel. groente. fruit/Ananas (conserven),,09266,3.931623932,,,234 g,0.92,,,https://static.ahold.com/cmgtcontent/media//001369900/000/001369976_004_60045_708.jpg
wi857/ah,NL ah,AH Ananasschijven op sap 227 g ,1,,Aardappel. groente. fruit/Ananas (conserven),,09266,3.920704846,,,227 g,0.89,,,https://static.ah.nl/static/product/AHI_434d50313532353034_3_LowRes_JPG.JPG
wi56754/,NL ah,AH Ananasstukjes 227 g ,1,,Aardappel. groente. fruit/Ananas (conserven),,09266,3.920704846,,,227 g,0.89,,,https://static.ah.nl/static/product/AHI_434d50303037323539_2_LowRes_JPG.JPG
wi3325/h,NL ah,Honig Krul vermicelli middel 250 g ,1,,Soepen. conserven. sauzen. smaakmakers/Vermicelli,,20420,3.92,,,250 g,0.98,,,https://static.ah.nl/static/product/AHI_434d5032343130383239_1_LowRes_JPG.JPG
wi222036,NL ah,Planta Boter smeerbaar classic 500 g ,1,,Zuivel. eieren/Ongezouten roomboter,,01145,3.9,,,500 g,1.95,,,https://static.ahold.com/cmgtcontent/media//001095900/000/001095972_001_222036_708.jpg
wi407097,NL ah,AH Rösti gekruid 500 g ,1,,Aardappel. groente. fruit/Rosti (vers),,11352,3.88,,,500 g,1.94,,,https://static.ah.nl/static/product/AHI_434d50323738383530_2_LowRes_JPG.JPG
wi130072,NL ah,AH Satésaus hot 500 g ,1,,Pasta. rijst. internationale keuken/Satésaus,,27059,3.88,,,500 g,1.94,,,https://static.ah.nl/static/product/AHI_434d50303034313038_2_LowRes_JPG.JPG
wi196846,NL ah,Grand'Italia Macaroni tricolori 500 g ,1,,Pasta. rijst. internationale keuken/Macaroni,,20420,3.88,,,500 g,1.94,,,https://static.ahold.com/cmgtcontent/media//001638300/000/001638320_003_196846_708.jpg
wi227629,NL ah,Smaakt Groene linzen 400 g ,1,,Soepen. conserven. sauzen. smaakmakers/Linzen (gedroogd),,16070,3.85,,,400 g,1.54,,,https://static.ah.nl/static/product/AHI_434d50313639363331_2_LowRes_JPG.JPG
wi435427,NL ah,AH Snoepgroente worteltjes 650 g ,1,,Aardappel. groente. fruit/Wortelen (vers),,11124,3.846153846,,,650 g,2.5,,,https://static.ah.nl/static/product/AHI_434d5038353731333633_2_LowRes_JPG.JPG
wi188474,NL ah,AH Biologisch Conference peren 4 stuks ,1,,Aardappel. groente. fruit/Peren zoet en aromatisch,,09252,3.84,,,4 stuks,3.07,,,https://static.ah.nl/static/product/AHI_43545236313731313138_1_LowRes_JPG.JPG
wi170798,NL ah,Kanzi Appelen 4 stuks ,1,,Aardappel. groente. fruit/Appels zoet,,09003,3.84,,,4 stuks,2.59,,,https://static.ah.nl/static/product/AHI_434d50323336323437_1_LowRes_JPG.JPG
wi165308,NL ah,Aarts Gestoofde peertjes 560 g ,1,,Aardappel. groente. fruit/Stoofpeertjes,,09252,3.839285714,,,560 g,2.15,,,https://static.ahold.com/cmgtcontent/media//001534700/000/001534704_002_165308_708.jpg
wi385898,NL ah,AH Rode splitlinzen 400 g ,1,,Soepen. conserven. sauzen. smaakmakers/Linzen (gedroogd),,16070,3.825,,,400 g,1.53,,,https://static.ah.nl/static/product/AHI_434d50323434353839_1_LowRes_JPG.JPG
wi450483,NL ah,Hak Bruine bonen 0% 365 g ,1,,Aardappel. groente. fruit/Bruine bonen (conserven),,16027,3.808219178,,,365 g,1.39,,,https://static.ahold.com/cmgtcontent/media//002087200/000/002087266_002_450483_708.jpg
wi101170,NL ah,AH Biologisch Maiskorrels 340 g ,1,,Aardappel. groente. fruit/Maiskorrels (conserven),,11167,3.794117647,,,340 g,1.29,,,https://static.ah.nl/static/product/AHI_434d50313832343130_2_LowRes_JPG.JPG
wi426846,NL ah,AH Buitenbeentjes avocado's 1 kg ,1,,Aardappel. groente. fruit/Avocado,,09037,3.79,,,1 kg,3.79,,,https://static.ah.nl/static/product/AHI_434d5038363831343935_1_LowRes_JPG.JPG
wi4102/a,NL ah,AH Sperziebonen 500 g ,1,,Aardappel. groente. fruit/Sperziebonen (vers),,11052,3.78,,,500 g,1.89,,,https://static.ahold.com/cmgtcontent/media//001352000/000/001352016_002_4102_708.jpg
wi133275,NL ah,AH Aardappelpuree 450 g ,1,,Aardappel. groente. fruit/Aardappelpuree (vers),,11352,3.777777778,,,450 g,1.7,,,https://static.ah.nl/static/product/AHI_434d50343732393236_3_LowRes_JPG.JPG
wi172763,NL ah,Ouwehand Braadharing 355 g ,1,,Soepen. conserven. sauzen. smaakmakers/Haring (conserven),,15041,3.774647887,,,355 g,1.34,,,https://static.ah.nl/static/product/AHI_434d50303430313730_1_LowRes_JPG.JPG
wi140637,NL ah,AH Tortilla wraps 6 stuks ,1,,Pasta. rijst. internationale keuken/Tortilla. wrap. burrito,,18450,3.76,,,6 stuks,1.39,,,https://static.ah.nl/static/product/AHI_434d50303133383535_1_LowRes_JPG.JPG
wi217660,NL ah,AH Knapperige pinda's gezouten 370 g ,1,,Snoep. koek. chips/Pinda's (groot),,16087,3.756756757,,,370 g,1.39,,,https://static.ah.nl/static/product/AHI_434d50313238343831_2_LowRes_JPG.JPG
wi184952,NL ah,CêlaVíta Oma's opbak aardappeltjes 450 g ,1,,Aardappel. groente. fruit/Aardappelpartjes (vers),,11352,3.755555556,,,450 g,1.69,,,https://static.ahold.com/cmgtcontent/media//001837800/000/001837816_001_184952_708.jpg
wi67842/,NL ah,AH Champignons voordeel 400 g ,1,,Aardappel. groente. fruit/Champignons (vers),,11260,3.725,,,400 g,1.49,,,https://static.ah.nl/static/product/AHI_434d50323330363539_4_LowRes_JPG.JPG
wi103191,NL ah,AH Mosselgroente 400 g ,1,,Vlees. kip. vis. vega/Mosselgroente,,15164,3.725,,,400 g,1.49,,,https://static.ah.nl/static/product/AHI_434d50313631343834_5_LowRes_JPG.JPG
wi162739,NL ah,Bonduelle Spruitjes extra fijn 400 g ,1,,Aardappel. groente. fruit/Spruiten (diepvries),,11098,3.725,,,400 g,1.49,,,https://static.ahold.com/cmgtcontent/media//001539900/000/001539994_002_162739_708.jpg
wi162030,NL ah,AH Sperziebonen fijn gebroken 180 g ,1,,Aardappel. groente. fruit/Sperziebonen (conserven),,11052,3.722222222,,,180 g,0.67,,,https://static.ah.nl/static/product/AHI_434d50303234363932_2_LowRes_JPG.JPG
wi408054,NL ah,Carbonell Groene olijven zonder pit 180 g ,1,,Pasta. rijst. internationale keuken/Groene olijven,,09195,3.722222222,,,180 g,0.67,,,https://static.ahold.com/cmgtcontent/media//001674400/000/001674480_002_408054_708.jpg
wi230839,NL ah,AH Liefde & Passie Volkoren (ongesneden) per stuk ,1,,Bakkerij/Volkoren brood (ovenvers),,18075,3.714285714,,525.00 g,per stuk,1.95,,,https://static.ah.nl/static/product/AHI_43545236363939393431_1_LowRes_JPG.JPG
wi435897,NL ah,Hak Kikkererwten 360 g ,1,,Aardappel. groente. fruit/Kikkererwten (conserven),,16056,3.694444444,,,360 g,1.33,,,https://static.ahold.com/cmgtcontent/media//001926800/000/001926842_001_435897_708.jpg
175415BL,NL jumbo,Baktat Zwarte Olijven Zonder Pit Licht Gezouten 350g,1,,Koken. soepen. maaltijden,,09193,3.685714286,,,350 g,1.29,,,https://static-images.jumbo.com/product_images/175415BLK-1_720x720.png
wi438664,NL ah,AH Boerderijzuivel griekse stijl yoghurt 500 g ,1,,Zuivel. eieren/Griekse yoghurt naturel,,01287,3.68,,,500 g,1.84,,,https://static.ah.nl/static/product/AHI_4b525436303032353234_2_LowRes_JPG.JPG
wi130073,NL ah,AH Satésaus 500 g ,1,,Pasta. rijst. internationale keuken/Satésaus,,27059,3.68,,,500 g,1.84,,,https://static.ah.nl/static/product/AHI_434d50313631303431_2_LowRes_JPG.JPG
wi196869,NL ah,Grand'Italia Gigli 500 g ,1,,Pasta. rijst. internationale keuken/Gigli,,20420,3.68,,,500 g,1.84,,,https://static.ah.nl/static/product/AHI_434d50303432343433_2_LowRes_JPG.JPG
wi228640,NL ah,Pur Natur Biologische yoghurt 500 g ,1,,Zuivel. eieren/Volle yoghurt,,01118,3.68,,,500 g,1.84,,,https://static.ah.nl/static/product/AHI_43545236313736363336_1_LowRes_JPG.JPG
wi230844,NL ah,AH Liefde & Passie Petit cereales (ongesneden) per stuk ,1,,Bakkerij/Volkoren brood (dagvers),,18075,3.666666667,,300.00 g,per stuk,1.1,,,https://static.ah.nl/static/product/AHI_434d50313733323932_2_LowRes_JPG.JPG
wi201965,NL ah,Jozo Pro bewust 450 g ,1,,Soepen. conserven. sauzen. smaakmakers/Zout (diverse),,02047,3.666666667,,,450 g,1.65,,,https://static.ahold.com/cmgtcontent/media//001839100/000/001839108_002_201965_708.jpg
wi413749,NL ah,AH Pindakaas met stukjes pinda 500 g ,1,,Ontbijtgranen. broodbeleg. tussendoor/Pindakaas,,16398,3.66,,,500 g,1.83,,,https://static.ah.nl/static/product/AHI_434d50363030343931_1_LowRes_JPG.JPG
wi365589,NL ah,CêlaVíta Partjes met verse basilicum & knoflook 450 g ,1,,Aardappel. groente. fruit/Aardappelpartjes (vers),,11352,3.644444444,,,450 g,1.64,,,https://static.ahold.com/cmgtcontent/media//001315900/000/001315974_003_365589_708.jpg
wi111781,NL ah,AH Geschrapte worteltjes 300 g ,1,,Aardappel. groente. fruit/Wortelen (vers),,11124,3.633333333,,,300 g,1.09,,,https://static.ah.nl/static/product/AHI_434d50303133393130_4_LowRes_JPG.JPG
wi859/ah,NL ah,AH Ananasschijven op sap 10 stuks ,1,,Aardappel. groente. fruit/Ananas (conserven),,09266,3.62,,,10 stuks,1.23,,,https://static.ah.nl/static/product/AHI_434d50303234343833_3_LowRes_JPG.JPG
45946STK,NL jumbo,Jumbo Galia Meloen,1,,Fruit,,09181,3.605072464,,552.00 g,1 stuk,1.99,,,https://static-images.jumbo.com/product_images/45946STK-1_720x720.png
45946STK,NL jumbo,Jumbo Galia Meloen,1,,Fruit,,09184,3.605072464,,552.00 g,1 stuk,1.99,,,https://static-images.jumbo.com/product_images/45946STK-1_720x720.png
159137PA,NL jumbo,Jumbo Volzoet &amp; Sappig Fuji 6 Stuks,1,,Fruit,,09003,3.595505618,,178.00 g,6 stuks,3.84,,,https://static-images.jumbo.com/product_images/159137PAK-1_720x720.png
wi408052,NL ah,Carbonell Groene olijven zonder pit 340 g ,1,,Pasta. rijst. internationale keuken/Groene olijven,,09195,3.588235294,,,340 g,1.22,,,https://static.ahold.com/cmgtcontent/media//001674400/000/001674486_002_408052_708.jpg
wi155614,NL ah,AH Biologisch Stoomaardappels 500 g ,1,,Aardappel. groente. fruit/Stoom aardappelen,,11352,3.58,,,500 g,1.79,,,https://static.ah.nl/static/product/AHI_434d50303432303638_4_LowRes_JPG.JPG
wi450537,NL ah,Grand'Italia Penne all'uovo 500 g ,1,,Pasta. rijst. internationale keuken/Penne,,20420,3.58,,,500 g,1.79,,,https://static.ahold.com/cmgtcontent/media//002087200/000/002087270_002_450537_708.jpg
wi223201,NL ah,Soubry Farfalle tricolore 375 g ,1,,Pasta. rijst. internationale keuken/Farfalle,,20420,3.573333333,,,375 g,1.34,,,https://static.ahold.com/cmgtcontent/media//001103900/000/001103986_001_223201_708.jpg
wi202197,NL ah,Hak Witte bonen 365 g ,1,,Aardappel. groente. fruit/Witte bonen (conserven),,11046,3.561643836,,,365 g,1.3,,,https://static.ahold.com/cmgtcontent/media//001975700/000/001975724_002_202197_708.jpg
wi168777,NL ah,Del Monte Halve abrikozen op lichte siroop 420 g ,1,,Aardappel. groente. fruit/Abrikozen (conserven),,09021,3.547619048,,,420 g,1.49,,,https://static.ahold.com/cmgtcontent/media//001641100/000/001641112_002_168777_708.jpg
wi231894,NL ah,Optimel Magere Griekse stijl yoghurt naturel 450 g ,1,,Zuivel. eieren/Griekse yoghurt naturel,,01287,3.533333333,,,450 g,1.59,,,https://static.ahold.com/cmgtcontent/media//001200000/000/001200012_006_231894_708.jpg
wi117193,NL ah,AH Fuji appelen 4 stuks ,1,,Aardappel. groente. fruit/Appels extra zoet,,09003,3.53,,,4 stuks,2.56,,,https://static.ah.nl/static/product/AHI_434d50313931333237_3_LowRes_JPG.JPG
wi437621,NL ah,Melkunie Protein rood fruit 500 g ,1,,Zuivel. eieren/Halfvolle melk (houdbaar),,01175,3.5,,,500 g,1.75,,,https://static.ahold.com/cmgtcontent/media//001950400/000/001950474_001_437621_708.jpg
wi123560,NL ah,AH Zwarte olijven plakjes 240 g ,1,,Pasta. rijst. internationale keuken/Zwarte olijven,,09193,3.5,,,240 g,0.84,,,https://static.ah.nl/static/product/AHI_434d50323335323734_2_LowRes_JPG.JPG
wi235715,NL ah,Valle del sole Groene linzen 350 g ,1,,Soepen. conserven. sauzen. smaakmakers/Linzen (gedroogd),,16070,3.485714286,,,350 g,1.22,,,https://static.ahold.com/cmgtcontent/media//001264200/000/001264244_001_235715_708.jpg
wi210482,NL ah,AH Gnocchi 500 g ,1,,Pasta. rijst. internationale keuken/Gnocchi (vers),,20420,3.48,,,500 g,1.74,,,https://static.ah.nl/static/product/AHI_434d50303730323533_3_LowRes_JPG.JPG
wi171796,NL ah,Bonduelle Zwarte bonen 400 g ,1,,Aardappel. groente. fruit/Zwarte bonen (conserven),,16016,3.475,,,400 g,1.39,,,https://static.ah.nl/static/product/AHI_434d50303234373930_1_LowRes_JPG.JPG
wi201051,NL ah,Soma Waldkorn tarwe/ roggebrood 375 g ,1,,Bakkerij/Roggebrood (dagvers),,18053,3.44,,,375 g,1.29,,,https://static.ahold.com/cmgtcontent/media//001555600/000/001555652_002_201051_708.jpg
wi223189,NL ah,Soubry Macaroni lang 375 g ,1,,Pasta. rijst. internationale keuken/Macaroni,,20420,3.44,,,375 g,1.29,,,https://static.ahold.com/cmgtcontent/media//001104100/000/001104162_001_223189_708.jpg
wi428748,NL ah,Del Monte Ananasschijven op sap 565 g ,1,,Aardappel. groente. fruit/Ananas (conserven),,09266,3.433628319,,,565 g,1.94,,,https://static.ahold.com/cmgtcontent/media//001867900/000/001867940_001_428748_708.jpg
wi165309,NL ah,Del Monte Ananasschijven op siroop 567 g ,1,,Aardappel. groente. fruit/Ananas (conserven),,09266,3.421516755,,,567 g,1.94,,,https://static.ahold.com/cmgtcontent/media//001369900/000/001369970_003_165309_708.jpg
wi193255,NL ah,CêlaVíta Oma's opbak aardappeltjes voordeel 700 g ,1,,Aardappel. groente. fruit/Aardappelpartjes (vers),,11352,3.414285714,,,700 g,2.39,,,https://static.ahold.com/cmgtcontent/media//001837800/000/001837804_001_193255_708.jpg
wi443001,NL ah,CêlaVíta Airfryer ribbelschijf paprika 450 g ,1,,Aardappel. groente. fruit/Aardappelschijfjes (vers),,11352,3.4,,,450 g,1.53,,,https://static.ahold.com/cmgtcontent/media//002010000/000/002010044_001_443001_708.jpg
wi800/ah,NL ah,AH Maïskorrels 300 g ,1,,Aardappel. groente. fruit/Maiskorrels (conserven),,11167,3.4,,,300 g,1.02,,,https://static.ah.nl/static/product/AHI_434d50313437313232_2_LowRes_JPG.JPG
wi226376,NL ah,AH Peen julienne vvp 300 g ,1,,Aardappel. groente. fruit/Peen julienne,,11124,3.4,,,300 g,1.02,,,https://static.ah.nl/static/product/AHI_43545236313939363634_1_LowRes_JPG.JPG
wi238963,NL ah,AH Biologisch Griekse stijl yoghurt 500 g ,1,,Zuivel. eieren/Griekse yoghurt naturel,,01287,3.4,,,500 g,1.7,,,https://static.ah.nl/static/product/AHI_434d50323031303935_1_LowRes_JPG.JPG
wi162829,NL ah,Grand'Italia Penne integrali 500 g ,1,,Pasta. rijst. internationale keuken/Penne,,20420,3.4,,,500 g,1.7,,,https://static.ahold.com/cmgtcontent/media//001641800/000/001641802_001_162829_708.jpg
wi46016/,NL ah,Grand'Italia Spaghetti all'uovo 500 g ,1,,Pasta. rijst. internationale keuken/Spaghetti (houdbaar),,20420,3.4,,,500 g,1.7,,,https://static.ahold.com/cmgtcontent/media//001755300/000/001755398_006_46016_708.jpg
wi213919,NL ah,Hak Gesneden bladspinazie 330 g ,1,,Soepen. conserven. sauzen. smaakmakers/Spinazie (conserven),,11457,3.393939394,,,330 g,1.12,,,https://static.ahold.com/cmgtcontent/media//000957800/000/000957816_002_213919_708.jpg
wi365957,NL ah,AH Biologisch Linzen 360 g ,1,,Soepen. conserven. sauzen. smaakmakers/Linzen (conserven),,16070,3.388888889,,,360 g,1.22,,,https://static.ah.nl/static/product/AHI_434d50323037303439_1_LowRes_JPG.JPG
wi160718,NL ah,AH Boerenkool 500 g ,1,,Aardappel. groente. fruit/Boerenkool (vers),,11233,3.38,,,500 g,1.69,,,https://static.ah.nl/static/product/AHI_434d50323633343937_1_LowRes_JPG.JPG
wi128148,NL ah,AH Geschrapte worteltjes voordeel 500 g ,1,,Aardappel. groente. fruit/Wortelen (vers),,11124,3.38,,,500 g,1.69,,,https://static.ah.nl/static/product/AHI_434d50323633333835_1_LowRes_JPG.JPG
wi413751,NL ah,AH Pindakaas naturel 500 g ,1,,Ontbijtgranen. broodbeleg. tussendoor/Pindakaas,,16398,3.38,,,500 g,1.69,,,https://static.ah.nl/static/product/AHI_434d50363030343933_1_LowRes_JPG.JPG
wi111314,NL ah,AH Pondje krieltjes 500 g ,1,,Aardappel. groente. fruit/Krieltjes - ongeschild,,11352,3.38,,,500 g,1.69,,,https://static.ah.nl/static/product/AHI_434d50303133393238_4_LowRes_JPG.JPG
wi208764,NL ah,CêlaVíta Oma's kruimige aardappelen 500 g ,1,,Aardappel. groente. fruit/Stamppot aardappelen,,11352,3.38,,,500 g,1.69,,,https://static.ahold.com/cmgtcontent/media//001837800/000/001837806_001_208764_708.jpg
wi101131,NL ah,AH Biologisch Aardappelschijfjes 450 g ,1,,Aardappel. groente. fruit/Aardappelschijfjes (vers),,11352,3.355555556,,,450 g,1.51,,,https://static.ah.nl/static/product/AHI_434d50313630313039_3_LowRes_JPG.JPG
wi167874,NL ah,AH Kikkererwten 200 g ,1,,Aardappel. groente. fruit/Kikkererwten (conserven),,16056,3.35,,,200 g,0.67,,,https://static.ah.nl/static/product/AHI_434d50303331343536_2_LowRes_JPG.JPG
wi368634,NL ah,AH Satésaus kant-en-klaar 200 g ,1,,Pasta. rijst. internationale keuken/Satésaus,,27059,3.35,,,200 g,0.67,,,https://static.ah.nl/static/product/AHI_434d50323132353333_1_LowRes_JPG.JPG
wi447744,NL ah,White Lady Zuivelspread knoflook en kruiden 200 g ,1,,Ontbijtgranen. broodbeleg. tussendoor/Roomkaas (kruiden),,01017,3.35,,,200 g,0.67,,,https://static.ahold.com/cmgtcontent/media//002041100/000/002041192_001_447744_708.jpg
wi429237,NL ah,AH Satésaus geconcentreerd 1 kg ,1,,Pasta. rijst. internationale keuken/Satésaus,,27059,3.34,,,1 kg,3.34,,,https://static.ah.nl/static/product/AHI_434d5034383234313332_1_LowRes_JPG.JPG
wi400492,NL ah,White Lady Naturel zuivelspread 300 g ,1,,Ontbijtgranen. broodbeleg. tussendoor/Roomkaas (naturel),,01017,3.333333333,,,300 g,1,,,https://static.ahold.com/cmgtcontent/media//001641700/000/001641790_001_400492_708.jpg
wi439390,NL ah,White Lady Zuivelspread light 300 g ,1,,Ontbijtgranen. broodbeleg. tussendoor/Roomkaas light,,01017,3.333333333,,,300 g,1,,,https://static.ahold.com/cmgtcontent/media//001974700/000/001974738_001_439390_708.jpg
wi115032,NL ah,Bonduelle Franse sperzieboontjes zeer fijn 400 g ,1,,Aardappel. groente. fruit/Sperziebonen (conserven),,11052,3.325,,,400 g,1.33,,,https://static.ah.nl/static/product/AHI_434d50303234373433_1_LowRes_JPG.JPG
wi199597,NL ah,Hak Rode kool met stukjes appel 0% zout 355 g ,1,,Aardappel. groente. fruit/Natriumarme rode kool,,11112,3.323943662,,,355 g,1.18,,,https://static.ahold.com/cmgtcontent/media//001219300/000/001219360_004_199597_708.jpg
wi226366,NL ah,AH Bloemkoolroosjes 450 g ,1,,Aardappel. groente. fruit/Bloemkool (diepvries),,11135,3.311111111,,,450 g,1.49,,,https://static.ah.nl/static/product/AHI_434d50313738333239_1_LowRes_JPG.JPG
wi412573,NL ah,Almhof Griekse stijl yoghurt 0% vet naturel 450 g ,1,,Zuivel. eieren/Griekse yoghurt naturel,,01287,3.311111111,,,450 g,1.49,,,https://static.ah.nl/static/product/AHI_434d50363438323130_1_LowRes_JPG.JPG
wi412572,NL ah,Almhof Griekse stijl yoghurt naturel 10% vet 450 g ,1,,Zuivel. eieren/Griekse yoghurt naturel,,01287,3.311111111,,,450 g,1.49,,,https://static.ah.nl/static/product/AHI_434d50363131383836_1_LowRes_JPG.JPG
wi436678,NL ah,CêlaVíta Airfryer schijfjes 450 g ,1,,Aardappel. groente. fruit/Aardappelschijfjes (vers),,11352,3.311111111,,,450 g,1.49,,,https://static.ahold.com/cmgtcontent/media//001939000/000/001939040_002_436678_708.jpg
194462ZK,NL jumbo,Jordans Honey Baked Granola Simply Crunchy 750g,1,,Brood. cereals. beleg,,08037,3.306666667,,,750 g,2.48,,,https://static-images.jumbo.com/product_images/194462ZK-1_720x720.png
wi202520,NL ah,Remia Satésaus kant-en-klaar 500 ml ,1,,Pasta. rijst. internationale keuken/Satésaus,,27059,3.3,,,500 ml,1.65,,,https://static.ahold.com/cmgtcontent/media//001253100/000/001253188_001_202520_708.jpg
wi207528,NL ah,Hak Rode kool met stukjes peer 355 g ,1,,Aardappel. groente. fruit/Rode kool (conserven),,11112,3.295774648,,,355 g,1.17,,,https://static.ahold.com/cmgtcontent/media//001975700/000/001975756_003_207528_708.jpg
wi101165,NL ah,AH Biologisch Wortelen extra fijn 340 g ,1,,Soepen. conserven. sauzen. smaakmakers/Wortelen (conserven),,11124,3.294117647,,,340 g,1.12,,,https://static.ah.nl/static/product/AHI_434d50313832343231_2_LowRes_JPG.JPG
wi408050,NL ah,Carbonell Zwarte olijven zonder pit 340 g ,1,,Pasta. rijst. internationale keuken/Zwarte olijven,,09193,3.294117647,,,340 g,1.12,,,https://static.ahold.com/cmgtcontent/media//001674400/000/001674488_001_408050_708.jpg
wi106240,NL ah,AH Zwarte olijven zonder pit 240 g ,1,,Pasta. rijst. internationale keuken/Zwarte olijven,,09193,3.291666667,,,240 g,0.79,,,https://static.ah.nl/static/product/AHI_434d50303036363435_1_LowRes_JPG.JPG
wi430640,NL ah,AH Biologisch Mandarijnen 1 kg ,1,,Aardappel. groente. fruit/Verse mandarijnen,,09218,3.29,,,1 kg,3.29,,,https://static.ah.nl/static/product/AHI_434d5034363030303639_2_LowRes_JPG.JPG
wi395222,NL ah,Pur Natur Biologische yoghurt natuur 750 g ,1,,Zuivel. eieren/Volle yoghurt,,01118,3.28,,,750 g,2.46,,,https://static.ahold.com/cmgtcontent/media//001566800/000/001566802_002_395222_708.jpg
wi428955,NL ah,Tilda Everyday rice 750 g ,1,,Pasta. rijst. internationale keuken/Zilvervlies rijst,,20041,3.28,,,750 g,2.46,,,https://static.ahold.com/cmgtcontent/media//001884800/000/001884874_001_428955_708.jpg
wi202676,NL ah,AH Aardappelschijfjes spek-ui 500 g ,1,,Aardappel. groente. fruit/Aardappelschijfjes (vers),,11352,3.28,,,500 g,1.64,,,https://static.ah.nl/static/product/AHI_434d50303038363632_3_LowRes_JPG.JPG
wi408453,NL ah,SamMills Pasta d'oro corn glutenvrij 500 g ,1,,Bewuste voeding/Glutenvrije pasta (houdbaar),,20420,3.28,,,500 g,1.64,,,https://static.ahold.com/cmgtcontent/media//001698300/000/001698394_001_408453_708.jpg
wi201994,NL ah,Hak Witte bonen in tomatensaus 0% zout 360 g ,1,,Aardappel. groente. fruit/Natriumarme witte bonen,,11046,3.277777778,,,360 g,1.18,,,https://static.ahold.com/cmgtcontent/media//001219300/000/001219352_004_201994_708.jpg
wi409998,NL ah,AH Biologisch Bladspinazie à la crème 450 g ,1,,Aardappel. groente. fruit/Spinazie (diepvries),,11457,3.244444444,,,450 g,1.46,,,https://static.ah.nl/static/product/AHI_434d50323833333434_1_LowRes_JPG.JPG
wi51300/,NL ah,Del Monte Ananasschijven op sap 820 g ,1,,Aardappel. groente. fruit/Ananas (conserven),,09266,3.243902439,,,820 g,2.66,,,https://static.ahold.com/cmgtcontent/media//001555500/000/001555566_002_51300_708.jpg
wi207339,NL ah,Hak Rode kool 355 g ,1,,Aardappel. groente. fruit/Rode kool (conserven),,11112,3.23943662,,,355 g,1.15,,,https://static.ahold.com/cmgtcontent/media//001553400/000/001553444_003_207339_708.jpg
wi207330,NL ah,Hak Rode kool met stukjes appel 355 g ,1,,Aardappel. groente. fruit/Rode kool (conserven),,11112,3.23943662,,,355 g,1.15,,,https://static.ah.nl/static/product/AHI_43545236313731303531_1_LowRes_JPG.JPG
wi213921,NL ah,Hak Boerenkool 340 g ,1,,Aardappel. groente. fruit/Boerenkool (conserven),,11233,3.235294118,,,340 g,1.1,,,https://static.ahold.com/cmgtcontent/media//000957700/000/000957794_003_213921_708.jpg
wi395654,NL ah,AH Biologisch Couscous 400 g ,1,,Pasta. rijst. internationale keuken/Couscous - naturel,,20028,3.225,,,400 g,1.29,,,https://static.ah.nl/static/product/AHI_434d50323534383832_1_LowRes_JPG.JPG
wi226500,NL ah,AH Rode kool-appel-mango 400 g ,1,,Aardappel. groente. fruit/Rode kool (diepvries),,11112,3.225,,,400 g,1.29,,,https://static.ah.nl/static/product/AHI_434d50313738383637_2_LowRes_JPG.JPG
wi201002,NL ah,Soma Sovita roggebrood 400 g ,1,,Bakkerij/Roggebrood (dagvers),,18053,3.225,,,400 g,1.29,,,https://static.ahold.com/cmgtcontent/media//000888900/000/000888910_001_201002_80.jpg
wi63684/,NL ah,Iglo Bladspinazie deelblokjes 450 g ,1,,Aardappel. groente. fruit/Spinazie (diepvries),,11457,3.222222222,,,450 g,1.45,,,https://static.ahold.com/cmgtcontent/media//001387900/000/001387944_004_63684_708.jpg
wi126428,NL ah,AH Groene olijven in plakjes 240 g ,1,,Pasta. rijst. internationale keuken/Groene olijven,,09195,3.208333333,,,240 g,0.77,,,https://static.ah.nl/static/product/AHI_434d50303334343332_2_LowRes_JPG.JPG
wi202196,NL ah,Hak Witte bonen in tomatensaus 360 g ,1,,Aardappel. groente. fruit/Witte bonen (conserven),,11046,3.194444444,,,360 g,1.15,,,https://static.ahold.com/cmgtcontent/media//001975700/000/001975722_002_202196_708.jpg
wi389121,NL ah,AH Buitenbeentjes paprika 1 kg ,1,,Aardappel. groente. fruit/Paprika mix (vers),,11333,3.19,,,1 kg,3.19,,,https://static.ah.nl/static/product/AHI_434d50323734313032_1_LowRes_JPG.JPG
wi117192,NL ah,AH Kleine spruiten 500 g ,1,,Aardappel. groente. fruit/Spruiten (vers),,11098,3.18,,,500 g,1.59,,,https://static.ah.nl/static/product/AHI_434d50363630393331_1_LowRes_JPG.JPG
wi163792,NL ah,Hak Blonde linzen gedroogd 500 g ,1,,Soepen. conserven. sauzen. smaakmakers/Linzen (gedroogd),,16070,3.18,,,500 g,1.59,,,https://static.ahold.com/cmgtcontent/media//001553400/000/001553410_002_163792_708.jpg
wi165957,NL ah,Hak Bruine bonen gedroogd 500 g ,1,,Soepen. conserven. sauzen. smaakmakers/Bruine bonen (gedroogd),,16027,3.18,,,500 g,1.59,,,https://static.ahold.com/cmgtcontent/media//001553400/000/001553424_002_165957_708.jpg
wi133274,NL ah,AH Provençaalse aardappelpartjes met schil 450 g ,1,,Aardappel. groente. fruit/Aardappelpartjes (vers),,11352,3.177777778,,,450 g,1.43,,,https://static.ah.nl/static/product/AHI_434d50303038383033_4_LowRes_JPG.JPG
wi171647,NL ah,Iglo Gehakte spinazie 170 g ,1,,Aardappel. groente. fruit/Spinazie (diepvries),,11457,3.176470588,,,170 g,0.54,,,https://static.ahold.com/cmgtcontent/media//001196300/000/001196350_005_171647_708.jpg
wi171646,NL ah,Iglo Spinazie à la crème 170 g ,1,,Aardappel. groente. fruit/Spinazie (diepvries),,11457,3.176470588,,,170 g,0.54,,,https://static.ahold.com/cmgtcontent/media//001196300/000/001196348_005_171646_708.jpg
wi182979,NL ah,Del Monte Halve abrikozen op lichte siroop 825 g ,1,,Aardappel. groente. fruit/Abrikozen (conserven),,09021,3.175757576,,,825 g,2.62,,,https://static.ahold.com/cmgtcontent/media//001641100/000/001641110_002_182979_708.jpg
wi161398,NL ah,AH Wortelen extra fijn 180 g ,1,,Soepen. conserven. sauzen. smaakmakers/Wortelen (conserven),,11124,3.166666667,,,180 g,0.57,,,https://static.ah.nl/static/product/AHI_434d50303234373537_2_LowRes_JPG.JPG
wi41129/,NL ah,AH Gekookte rodekool met appel 250 g ,1,,Aardappel. groente. fruit/Rode kool (conserven),,11112,3.16,,,250 g,0.79,,,https://static.ah.nl/static/product/AHI_434d50303435363433_3_LowRes_JPG.JPG
wi165461,NL ah,AH Biologisch Zilvervliesrijst 400 g ,1,,Pasta. rijst. internationale keuken/Zilvervlies rijst,,20041,3.125,,,400 g,1.25,,,https://static.ah.nl/static/product/AHI_434d50323139373937_1_LowRes_JPG.JPG
wi201993,NL ah,Hak Hollandse bruine bonen 0% zout 360 g ,1,,Aardappel. groente. fruit/Natriumarme bruine bonen,,16027,3.111111111,,,360 g,1.12,,,https://static.ahold.com/cmgtcontent/media//001219300/000/001219350_002_201993_708.jpg
wi49965/,NL ah,AH Royal gala 6 stuks ,1,,Aardappel. groente. fruit/Appels extra zoet,,09003,3.09,,,6 stuks,3.09,,,https://static.ah.nl/static/product/AHI_434d50303132333730_4_LowRes_JPG.JPG
wi409997,NL ah,AH Biologisch Bladspinazie 450 g ,1,,Aardappel. groente. fruit/Spinazie (diepvries),,11457,3.088888889,,,450 g,1.39,,,https://static.ah.nl/static/product/AHI_434d50323833333238_1_LowRes_JPG.JPG
wi128941,NL ah,AH Toscaanse aardappelpartjes 450 g ,1,,Aardappel. groente. fruit/Aardappelpartjes (vers),,11352,3.088888889,,,450 g,1.39,,,https://static.ah.nl/static/product/AHI_434d50303038373731_2_LowRes_JPG.JPG
wi419479,NL ah,Honig Macaroni volkoren 550 g ,1,,Pasta. rijst. internationale keuken/Macaroni,,20420,3.072727273,,,550 g,1.69,,,https://static.ah.nl/static/product/AHI_434d50383133393237_1_LowRes_JPG.JPG
wi195431,NL ah,AH Granny smith 4 stuks ,1,,Aardappel. groente. fruit/Appels friszuur,,09003,3.07,,,4 stuks,2.09,,,https://static.ah.nl/static/product/AHI_434d50313931333034_3_LowRes_JPG.JPG
wi435957,NL ah,AH Biologisch Bulgur 300 g ,1,,Pasta. rijst. internationale keuken/Bulgur,,20012,3.066666667,,,300 g,0.92,,,https://static.ah.nl/static/product/AHI_434d5037333732313631_2_LowRes_JPG.JPG
wi101180,NL ah,AH Biologisch Rode uien 300 g ,1,,Aardappel. groente. fruit/Rode uien,,11282,3.066666667,,,300 g,0.92,,,https://static.ah.nl/static/product/AHI_434d50313333393031_3_LowRes_JPG.JPG
wi395655,NL ah,AH Bulgur 300 g ,1,,Pasta. rijst. internationale keuken/Bulgur,,20012,3.066666667,,,300 g,0.92,,,https://static.ah.nl/static/product/AHI_434d50323534383830_2_LowRes_JPG.JPG
wi130071,NL ah,AH Satésaus kant-en-klaar 500 g ,1,,Pasta. rijst. internationale keuken/Satésaus,,27059,3.06,,,500 g,1.53,,,https://static.ah.nl/static/product/AHI_434d50303738373732_2_LowRes_JPG.JPG
wi173137,NL ah,Grand'Italia Macaroni integrali 500 g ,1,,Pasta. rijst. internationale keuken/Macaroni,,20420,3.06,,,500 g,1.53,,,https://static.ahold.com/cmgtcontent/media//001638300/000/001638326_003_173137_708.jpg
wi419525,NL ah,Smaakt Zwarte bonen - bio 350 g ,1,,Aardappel. groente. fruit/Zwarte bonen (conserven),,16016,3.057142857,,,350 g,1.07,,,https://static.ahold.com/cmgtcontent/media//001800300/000/001800358_003_419525_708.jpg
wi195517,NL ah,AH Witte bonen in tomatensaus 180 g ,1,,Aardappel. groente. fruit/Witte bonen (conserven),,11046,3.055555556,,,180 g,0.55,,,https://static.ah.nl/static/product/AHI_434d50303234373831_2_LowRes_JPG.JPG
wi195542,NL ah,AH Zwarte bonen in chilisaus 400 g ,1,,Aardappel. groente. fruit/Zwarte bonen (conserven),,16016,3.05,,,400 g,1.22,,,https://static.ah.nl/static/product/AHI_434d50303234373133_2_LowRes_JPG.JPG
wi201133,NL ah,Becel Volkoren half 400 g ,1,,Bakkerij/Volkoren brood (dagvers),,18075,3.05,,,400 g,1.22,,,https://static.ah.nl/static/product/AHI_434d50303036323638_3_LowRes_JPG.JPG
wi167876,NL ah,AH Hollandse bruine bonen 200 g ,1,,Aardappel. groente. fruit/Bruine bonen (conserven),,16027,3.05,,,200 g,0.61,,,https://static.ah.nl/static/product/AHI_434d50303234363931_2_LowRes_JPG.JPG
wi238678,NL ah,AH Biologisch Krieltjes 450 g ,1,,Aardappel. groente. fruit/Krieltjes - geschild,,11352,3.022222222,,,450 g,1.36,,,https://static.ah.nl/static/product/AHI_434d50323030363234_2_LowRes_JPG.JPG
wi167687,NL ah,Grand'Italia Spaghetti integrali 500 g ,1,,Pasta. rijst. internationale keuken/Spaghetti (houdbaar),,20420,3.02,,,500 g,1.51,,,https://static.ah.nl/static/product/AHI_43545236323031303035_1_LowRes_JPG.JPG
wi409995,NL ah,AH Biologisch Sperziebonen 450 g ,1,,Aardappel. groente. fruit/Sperziebonen (diepvries),,11052,3,,,450 g,1.35,,,https://static.ah.nl/static/product/AHI_434d50323832383730_1_LowRes_JPG.JPG
wi438678,NL ah,AH Griekse stijl portie 150 g ,1,,Zuivel. eieren/Griekse yoghurt naturel,,01287,3,,,150 g,0.45,,,https://static.ah.nl/static/product/AHI_4b525436303032393635_1_LowRes_JPG.JPG
wi4127/a,NL ah,AH Golden Delicious 6 stuks ,1,,Aardappel. groente. fruit/Appels fris,,09003,2.99,,,6 stuks,2.99,,,https://static.ah.nl/static/product/AHI_434d50303132333230_5_LowRes_JPG.JPG
wi451172,NL ah,AH Biologisch Griekse yoghurt 1 kg ,1,,Zuivel. eieren/Griekse yoghurt naturel,,01287,2.99,,,1 kg,2.99,,,https://static.ah.nl/static/product/AHI_43545236373731333438_1_LowRes_JPG.JPG
wi129993,NL ah,AH Zoete kleine appeltjes 1 kg ,1,,Aardappel. groente. fruit/Appels zoet,,09003,2.99,,,1 kg,2.99,,,https://static.ah.nl/static/product/AHI_434d50303133303335_6_LowRes_JPG.JPG
wi364622,NL ah,AH Orri mandarijnen 1 kg ,1,,Aardappel. groente. fruit/Verse mandarijnen,,09218,2.99,,,1 kg,2.99,,,https://static.ah.nl/static/product/AHI_43545236323531393832_1_LowRes_JPG.JPG
wi54905/,NL ah,AH Biologisch Tofu naturel 375 g ,1,,Vlees. kip. vis. vega/Tofu (vegetarisch),,16427,2.986666667,,,375 g,1.12,,,https://static.ah.nl/static/product/AHI_43545236383434333333_1_LowRes_JPG.JPG
wi223320,NL ah,Soubry Capellini extra fijn 375 g ,1,,Pasta. rijst. internationale keuken/Spaghetti (houdbaar),,20420,2.986666667,,,375 g,1.12,,,https://static.ah.nl/static/product/AHI_434d5031373336323730_1_LowRes_JPG.JPG
wi231202,NL ah,AH Biologisch Flespompoen Los per kilo ,1,,Aardappel. groente. fruit/Pompoen (vers),,11477,2.98,,,Los per kilo,2.24,,,https://static.ah.nl/static/product/AHI_434d5031313531333134_1_LowRes_JPG.JPG
wi395307,NL ah,AH Biologisch Tomatenblokjes 400 g ,1,,Pasta. rijst. internationale keuken/Tomatenblokjes (conserven),,11529,2.975,,,400 g,1.19,,,https://static.ah.nl/static/product/AHI_434d50323830343831_1_LowRes_JPG.JPG
wi160653,NL ah,AH Sjalotten 400 g ,1,,Aardappel. groente. fruit/Sjalotten,,11282,2.975,,,400 g,1.19,,,https://static.ah.nl/static/product/AHI_434d50303138353330_2_LowRes_JPG.JPG
wi101182,NL ah,AH Biologisch Witte bonen in tomatensaus 360 g ,1,,Aardappel. groente. fruit/Witte bonen (conserven),,11046,2.972222222,,,360 g,1.07,,,https://static.ah.nl/static/product/AHI_434d50313832343230_2_LowRes_JPG.JPG
wi201977,NL ah,Jozo Naturel tafelzout 125 g ,1,,Soepen. conserven. sauzen. smaakmakers/Zout (diverse),,02047,2.96,,,125 g,0.37,,,https://static.ahold.com/cmgtcontent/media//001812800/000/001812810_002_201977_708.jpg
wi395653,NL ah,AH Couscous 400 g ,1,,Pasta. rijst. internationale keuken/Couscous - naturel,,20028,2.95,,,400 g,1.18,,,https://static.ah.nl/static/product/AHI_434d50323534383737_1_LowRes_JPG.JPG
wi196691,NL ah,AH Kleintje aardappelschijfjes 200 g ,1,,Aardappel. groente. fruit/Aardappelschijfjes (vers),,11352,2.95,,,200 g,0.59,,,https://static.ah.nl/static/product/AHI_434d50303038353438_5_LowRes_JPG.JPG
wi365960,NL ah,Hak Bruine bonen uit Zeeland 370 g ,1,,Aardappel. groente. fruit/Bruine bonen (conserven),,16027,2.918918919,,,370 g,1.08,,,https://static.ah.nl/static/product/AHI_43545236313731303532_2_LowRes_JPG.JPG
wi235721,NL ah,Valle del sole Donkergroene linzen 350 g ,1,,Soepen. conserven. sauzen. smaakmakers/Linzen (gedroogd),,16070,2.914285714,,,350 g,1.02,,,https://static.ahold.com/cmgtcontent/media//001242000/000/001242008_002_235721_708.jpg
wi235717,NL ah,Valle del sole Kikkererwten 350 g ,1,,Aardappel. groente. fruit/Kikkererwten (gedroogd),,16056,2.914285714,,,350 g,1.02,,,https://static.ahold.com/cmgtcontent/media//001242000/000/001242000_001_235717_708.jpg
wi235718,NL ah,Valle del sole Popcorn mais 350 g ,1,,Soepen. conserven. sauzen. smaakmakers/Mais (gedroogd),,11167,2.914285714,,,350 g,1.02,,,https://static.ahold.com/cmgtcontent/media//001242000/000/001242002_002_235718_708.jpg
wi235716,NL ah,Valle del sole Rode splitlinzen 350 g ,1,,Soepen. conserven. sauzen. smaakmakers/Linzen (gedroogd),,16070,2.914285714,,,350 g,1.02,,,https://static.ahold.com/cmgtcontent/media//001264200/000/001264246_001_235716_708.jpg
wi235720,NL ah,Valle del sole Zwarte bonen 350 g ,1,,Soepen. conserven. sauzen. smaakmakers/Zwarte bonen (gedroogd),,16016,2.914285714,,,350 g,1.02,,,https://static.ahold.com/cmgtcontent/media//001242000/000/001242006_001_235720_708.jpg
wi235719,NL ah,Valle del sole Zwarte mung splitbonen 350 g ,1,,Soepen. conserven. sauzen. smaakmakers/Zwarte bonen (gedroogd),,16016,2.914285714,,,350 g,1.02,,,https://static.ahold.com/cmgtcontent/media//001242000/000/001242004_001_235719_708.jpg
wi407958,NL ah,AH Vrij van gluten fusilli 500 g ,1,,Bewuste voeding/Glutenvrije pasta (houdbaar),,20420,2.9,,,500 g,1.45,,,https://static.ah.nl/static/product/AHI_434d50323833353831_2_LowRes_JPG.JPG
wi408452,NL ah,AH Vrij van gluten spaghetti 500 g ,1,,Bewuste voeding/Glutenvrije pasta (houdbaar),,20420,2.9,,,500 g,1.45,,,https://static.ah.nl/static/product/AHI_434d50323833333335_1_LowRes_JPG.JPG
wi228639,NL ah,AH Yoghurt Griekse stijl met 0.1% vet 500 g ,1,,Zuivel. eieren/Griekse yoghurt naturel,,01287,2.9,,,500 g,1.45,,,https://static.ah.nl/static/product/AHI_434d50313730353838_3_LowRes_JPG.JPG
155557BA,NL jumbo,Zespri Green Kiwifruit 1000g,1,,Fruit,,09148,2.89,,,1000 g,2.89,,,https://static-images.jumbo.com/product_images/155557BAK-1_720x720.png
wi129242,NL ah,AH Kiwi groen 1 kg ,1,,Aardappel. groente. fruit/Kiwi,,09148,2.89,,,1 kg,2.89,,,https://static.ah.nl/static/product/AHI_43545236383333323434_1_LowRes_JPG.JPG
wi201909,NL ah,Hak Sperziebonen fijn gebroken 340 g ,1,,Aardappel. groente. fruit/Sperziebonen (conserven),,11052,2.882352941,,,340 g,0.98,,,https://static.ahold.com/cmgtcontent/media//001975700/000/001975718_002_201909_708.jpg
wi185533,NL ah,AH Perzikpartjes op siroop 410 g ,1,,Aardappel. groente. fruit/Perziken (conserven),,09236,2.87804878,,,410 g,1.18,,,https://static.ah.nl/static/product/AHI_434d50313431353130_2_LowRes_JPG.JPG
wi183191,NL ah,Bonduelle Gehakte spinazie 400 g ,1,,Aardappel. groente. fruit/Spinazie (diepvries),,11457,2.875,,,400 g,1.15,,,https://static.ah.nl/static/product/AHI_434d50313738343335_1_LowRes_JPG.JPG
wi4153/i,NL ah,Iglo Rode kool met appeltjes 450 g ,1,,Aardappel. groente. fruit/Rode kool (diepvries),,11112,2.866666667,,,450 g,1.29,,,https://static.ah.nl/static/product/AHI_434d50363132333235_2_LowRes_JPG.JPG
wi124192,NL ah,AH Excellent Wilde en witte rijst 500 g ,1,,Pasta. rijst. internationale keuken/Witte rijst,,20452,2.86,,,500 g,1.43,,,https://static.ah.nl/static/product/AHI_434d50303430353433_1_LowRes_JPG.JPG
wi177513,NL ah,AH Milde Hollandse hangop 500 g ,1,,Zuivel. eieren/Volle yoghurt,,01118,2.86,,,500 g,1.43,,,https://static.ah.nl/static/product/AHI_434d50303338363333_2_LowRes_JPG.JPG
wi225858,NL ah,AH Pondje iets kruimig 500 g ,1,,Aardappel. groente. fruit/Aardappel iets kruimig - met schil,,11352,2.86,,,500 g,1.43,,,https://static.ah.nl/static/product/AHI_434d50313632383937_3_LowRes_JPG.JPG
wi201005,NL ah,AH Rheinlander brood 500 g ,1,,Bakkerij/Roggebrood (dagvers),,18053,2.86,,,500 g,1.43,,,https://static.ah.nl/static/product/AHI_434d50303430323632_1_LowRes_JPG.JPG
wi321351,NL ah,Barilla Capellini n.1 500 g ,1,,Pasta. rijst. internationale keuken/Spaghetti (houdbaar),,20420,2.86,,,500 g,1.43,,,https://static.ah.nl/static/product/AHI_43545236313939393536_1_LowRes_JPG.JPG
wi321349,NL ah,Barilla Farfalle n.65 500 g ,1,,Pasta. rijst. internationale keuken/Farfalle,,20420,2.86,,,500 g,1.43,,,https://static.ahold.com/cmgtcontent/media//001832200/000/001832210_003_321349_708.jpg
wi321348,NL ah,Barilla Penne Rigate n.73 500 g ,1,,Pasta. rijst. internationale keuken/Penne,,20420,2.86,,,500 g,1.43,,,https://static.ah.nl/static/product/AHI_43545236313832343838_1_LowRes_JPG.JPG
wi321350,NL ah,Barilla Spaghetti n.5 500 g ,1,,Pasta. rijst. internationale keuken/Spaghetti (houdbaar),,20420,2.86,,,500 g,1.43,,,https://static.ah.nl/static/product/AHI_43545236313832343837_1_LowRes_JPG.JPG
wi121475,NL ah,AH Bloemkoolroosjes voordeel 1 kg ,1,,Aardappel. groente. fruit/Bloemkool (diepvries),,11135,2.86,,,1 kg,2.86,,,https://static.ah.nl/static/product/AHI_434d50313937303937_1_LowRes_JPG.JPG
wi196692,NL ah,AH Barbecue minikrieltjes 200 g ,1,,Aardappel. groente. fruit/Krieltjes - gekruid,,11352,2.85,,,200 g,0.57,,,https://static.ah.nl/static/product/AHI_434d50303038363438_6_LowRes_JPG.JPG
wi400467,NL ah,AH Cottage cheese 200 g ,1,,Kaas. vleeswaren. delicatessen/Huttenkase,,01012,2.85,,,200 g,0.57,,,https://static.ah.nl/static/product/AHI_434d50323732343536_1_LowRes_JPG.JPG
wi201001,NL ah,AH Fries roggebrood doosje 250 g ,1,,Bakkerij/Roggebrood (dagvers),,18053,2.84,,,250 g,0.71,,,https://static.ah.nl/static/product/AHI_434d50303430323536_1_LowRes_JPG.JPG
wi419481,NL ah,Honig Elleboogjes vlugkokend 250 g ,1,,Pasta. rijst. internationale keuken/Macaroni,,20420,2.84,,,250 g,0.71,,,https://static.ahold.com/cmgtcontent/media//001800300/000/001800374_001_419481_708.jpg
wi365958,NL ah,AH Biologisch Witte bonen 360 g ,1,,Aardappel. groente. fruit/Witte bonen (conserven),,11046,2.833333333,,,360 g,1.02,,,https://static.ah.nl/static/product/AHI_434d50323037303530_1_LowRes_JPG.JPG
wi170981,NL ah,AH Stoomaardappel mix 650 g ,1,,Aardappel. groente. fruit/Hele aardappel - speciale smaak,,11352,2.830769231,,,650 g,1.84,,,https://static.ah.nl/static/product/AHI_434d50313434363537_3_LowRes_JPG.JPG
wi100265,NL ah,AH Doyenne du Comice 4 stuks ,1,,Aardappel. groente. fruit/Peren zoet en aromatisch,,09252,2.83,,,4 stuks,2.19,,,https://static.ah.nl/static/product/AHI_434d5033373235333035_1_LowRes_JPG.JPG
wi185782,NL ah,Fairtrade Original Ananasschijven op sap 565 g ,1,,Aardappel. groente. fruit/Ananas (conserven),,09266,2.814159292,,,565 g,1.59,,,https://static.ahold.com/cmgtcontent/media//001267500/000/001267568_003_185782_708.jpg
wi203282,NL ah,Hak Sperziebonen fijn gebroken 185 g ,1,,Aardappel. groente. fruit/Sperziebonen (conserven),,11052,2.810810811,,,185 g,0.52,,,https://static.ahold.com/cmgtcontent/media//001553400/000/001553416_003_203282_708.jpg
wi165460,NL ah,AH Biologisch Witte rijst 400 g ,1,,Pasta. rijst. internationale keuken/Witte rijst,,20452,2.8,,,400 g,1.12,,,https://static.ah.nl/static/product/AHI_434d50323230363636_1_LowRes_JPG.JPG
wi188265,NL ah,AH Zwarte bonen 400 g ,1,,Aardappel. groente. fruit/Zwarte bonen (conserven),,16016,2.8,,,400 g,1.12,,,https://static.ah.nl/static/product/AHI_434d50323132373537_1_LowRes_JPG.JPG
wi227626,NL ah,Smaakt Pofmais 400 g ,1,,Soepen. conserven. sauzen. smaakmakers/Mais (gedroogd),,11167,2.8,,,400 g,1.12,,,https://static.ah.nl/static/product/AHI_434d50313637303835_3_LowRes_JPG.JPG
wi227625,NL ah,Smaakt Zwarte bonen 400 g ,1,,Soepen. conserven. sauzen. smaakmakers/Zwarte bonen (gedroogd),,16016,2.8,,,400 g,1.12,,,https://static.ah.nl/static/product/AHI_434d50313637313431_3_LowRes_JPG.JPG
192983ST,NL jumbo,Jumbo Naturel Tofu 500g,1,,Vlees. vis. vegetarisch,,16427,2.8,,,500 g,1.4,,,https://static-images.jumbo.com/product_images/192983STK-1_720x720.png
wi123184,NL ah,AH Aardappelpartjes 450 g ,1,,Aardappel. groente. fruit/Aardappelpartjes (vers),,11352,2.8,,,450 g,1.26,,,https://static.ah.nl/static/product/AHI_434d50303133373835_2_LowRes_JPG.JPG
wi212138,NL ah,Hak Brusselse spruitjes 680 g ,1,,Aardappel. groente. fruit/Spruiten (conserven),,11098,2.794117647,,,680 g,1.9,,,https://static.ahold.com/cmgtcontent/media//001553400/000/001553464_003_212138_708.jpg
wi417145,NL ah,AH Stevig multivolkoren heel per stuk ,1,,Bakkerij/Volkoren brood (ovenvers),,18075,2.792207792,,770.00 g,per stuk,2.15,,,https://static.ah.nl/static/product/AHI_434d50383237313830_2_LowRes_JPG.JPG
wi48492/,NL ah,AH Braeburn op schaal 6 stuks ,1,,Aardappel. groente. fruit/Appels zoet,,09003,2.79,,,6 stuks,2.79,,,https://static.ah.nl/static/product/AHI_43545236323036373833_1_LowRes_JPG.JPG
wi419480,NL ah,Honig Macaroni vezelrijk 550 g ,1,,Pasta. rijst. internationale keuken/Macaroni,,20420,2.781818182,,,550 g,1.53,,,https://static.ahold.com/cmgtcontent/media//001800300/000/001800376_001_419480_708.jpg
wi419482,NL ah,Honig Spaghetti vezelrijk 550 g ,1,,Pasta. rijst. internationale keuken/Spaghetti (houdbaar),,20420,2.781818182,,,550 g,1.53,,,https://static.ahold.com/cmgtcontent/media//001800300/000/001800372_001_419482_708.jpg
wi197706,NL ah,AH BASIC Gezouten pinda's 500 g ,1,,Snoep. koek. chips/Pinda's (groot),,16087,2.78,,,500 g,1.39,,,https://static.ah.nl/static/product/AHI_434d50313034303531_1_LowRes_JPG.JPG
wi165411,NL ah,AH Rode kool met appeltjes 500 g ,1,,Aardappel. groente. fruit/Rode kool (conserven),,11112,2.78,,,500 g,1.39,,,https://static.ah.nl/static/product/AHI_434d50313838333632_2_LowRes_JPG.JPG
wi407989,NL ah,AH Roeryoghurt Griekse stijl 500 g ,1,,Zuivel. eieren/Griekse yoghurt naturel,,01287,2.78,,,500 g,1.39,,,https://static.ah.nl/static/product/AHI_434d50323830363637_1_LowRes_JPG.JPG
wi62024/,NL ah,AH Tagliatelle 500 g ,1,,Pasta. rijst. internationale keuken/Tagliatelli. fettucini. linguine (houdbaar),,20420,2.78,,,500 g,1.39,,,https://static.ah.nl/static/product/AHI_434d50323330343732_3_LowRes_JPG.JPG
wi97884/,NL ah,Ardo Paprika reepjes 1 kg ,1,,Aardappel. groente. fruit/Paprika mix (diepvries),,11333,2.78,,,1 kg,2.78,,,https://static.ahold.com/cmgtcontent/media//001537100/000/001537172_001_97884_708.jpg
wi161399,NL ah,AH Rode kool met appel 180 g ,1,,Aardappel. groente. fruit/Rode kool (conserven),,11112,2.777777778,,,180 g,0.5,,,https://static.ah.nl/static/product/AHI_434d50323132373536_1_LowRes_JPG.JPG
wi3512/l,NL ah,Lassie Zilvervliesrijst kortkokend 400 g ,1,,Pasta. rijst. internationale keuken/Zilvervlies rijst,,20041,2.775,,,400 g,1.11,,,https://static.ah.nl/static/product/AHI_434d50303131373430_3_LowRes_JPG.JPG
wi227565,NL ah,Smaakt Mais biologisch 350 g ,1,,Aardappel. groente. fruit/Maiskorrels (conserven),,11167,2.771428571,,,350 g,0.97,,,https://static.ah.nl/static/product/AHI_434d50313639363438_2_LowRes_JPG.JPG
wi159666,NL ah,AH Aardappelpuree voordeel 800 g ,1,,Aardappel. groente. fruit/Aardappelpuree (vers),,11352,2.7625,,,800 g,2.21,,,https://static.ah.nl/static/product/AHI_434d5033343638343631_1_LowRes_JPG.JPG
wi167872,NL ah,AH Linzen 400 g ,1,,Soepen. conserven. sauzen. smaakmakers/Linzen (conserven),,16070,2.75,,,400 g,1.1,,,https://static.ah.nl/static/product/AHI_434d50323132373439_1_LowRes_JPG.JPG
wi3509/l,NL ah,Lassie Toverrijst 400 g ,1,,Pasta. rijst. internationale keuken/Witte rijst,,20452,2.75,,,400 g,1.1,,,https://static.ah.nl/static/product/AHI_434d50303531333131_2_LowRes_JPG.JPG
wi198419,NL ah,Valle del sole Kievietsbonen 900 g ,1,,Soepen. conserven. sauzen. smaakmakers/Bruine bonen (gedroogd),,16027,2.733333333,,,900 g,2.46,,,https://static.ahold.com/cmgtcontent/media//001264200/000/001264254_001_198419_708.jpg
wi31487/,NL ah,AH Perziken half op siroop 410 g ,1,,Aardappel. groente. fruit/Perziken (conserven),,09236,2.731707317,,,410 g,1.12,,,https://static.ah.nl/static/product/AHI_434d50323132373432_1_LowRes_JPG.JPG
wi201044,NL ah,Waldkorn Half per stuk ,1,,Bakkerij/Volkoren brood (dagvers),,18075,2.725,,400.00 g,per stuk,1.09,,,https://static.ah.nl/static/product/AHI_434d50313738333732_1_LowRes_JPG.JPG
wi207506,NL ah,Hak Rode kool met stukjes peer en kaneel 700 g ,1,,Aardappel. groente. fruit/Rode kool (conserven),,11112,2.714285714,,,700 g,1.9,,,https://static.ahold.com/cmgtcontent/media//001553400/000/001553456_003_207506_708.jpg
wi213895,NL ah,AH Spruitjes 450 g ,1,,Aardappel. groente. fruit/Spruiten (diepvries),,11098,2.711111111,,,450 g,1.22,,,https://static.ah.nl/static/product/AHI_434d50313937313136_1_LowRes_JPG.JPG
wi419483,NL ah,Honig Spaghetti volkoren 550 g ,1,,Pasta. rijst. internationale keuken/Spaghetti (houdbaar),,20420,2.709090909,,,550 g,1.49,,,https://static.ah.nl/static/product/AHI_434d5036303734373830_1_LowRes_JPG.JPG
170329BL,NL jumbo,Jumbo Zwarte Bonen 400g,1,,Groente,,16016,2.7,,,400 g,1.08,,,https://static-images.jumbo.com/product_images/170329BLK-1_720x720.png
wi177509,NL ah,AH Yoghurt Griekse stijl 500 g ,1,,Zuivel. eieren/Griekse yoghurt naturel,,01287,2.7,,,500 g,1.35,,,https://static.ah.nl/static/product/AHI_434d50303037323932_2_LowRes_JPG.JPG
wi401789,NL ah,AH Biologisch Gele bieten los 1000 g ,1,,Aardappel. groente. fruit/Bietjes (vers),,11080,2.69,,,1000 g,2.69,,,https://static.ah.nl/static/product/AHI_434d50363536333039_1_LowRes_JPG.JPG
wi447162,NL ah,Kanzi zak 1 kg ,1,,Aardappel. groente. fruit/Appels friszuur,,09003,2.69,,,1 kg,2.69,,,https://static.ah.nl/static/product/AHI_43545236313838323932_5_LowRes_JPG.JPG
wi140717,NL ah,Zuivelhoeve Boer'n yoghurt naturel 800 g ,1,,Zuivel. eieren/Volle yoghurt,,01118,2.6875,,,800 g,2.15,,,https://static.ahold.com/cmgtcontent/media//001999300/000/001999338_001_140717_708.jpg
wi225012,NL ah,Smaakt Volkoren havervlokken 500 g ,1,,Ontbijtgranen. broodbeleg. tussendoor/Havermout (regular),,08120,2.68,,,500 g,1.34,,,https://static.ahold.com/cmgtcontent/media//001955400/000/001955408_002_225012_708.jpg
wi378274,NL ah,AH Bio pompoen kabocha 1 kg ,1,,Aardappel. groente. fruit/Pompoen (vers),,11477,2.68,,,1 kg,2.68,,,https://static.ah.nl/static/product/AHI_434d50363435313337_2_LowRes_JPG.JPG
wi62414/,NL ah,AH Biologisch Schelpjes pasta 500 g ,1,,Pasta. rijst. internationale keuken/Schelpjes. conchigliette,,20420,2.66,,,500 g,1.33,,,https://static.ah.nl/static/product/AHI_434d50323131363237_1_LowRes_JPG.JPG
wi419839,NL ah,AH Yoghurt Griekse stijl roer 5% 500 g ,1,,Zuivel. eieren/Griekse yoghurt naturel,,01287,2.66,,,500 g,1.33,,,https://static.ah.nl/static/product/AHI_434d50363633313430_1_LowRes_JPG.JPG
wi159761,NL ah,Jozo Zeezout grof 500 g ,1,,Soepen. conserven. sauzen. smaakmakers/Zeezout,,02047,2.66,,,500 g,1.33,,,https://static.ahold.com/cmgtcontent/media//001812700/000/001812796_002_159761_708.jpg
wi220772,NL ah,Dari Couscous medium 1 kg ,1,,Pasta. rijst. internationale keuken/Couscous - naturel,,20028,2.66,,,1 kg,2.66,,,https://static.ahold.com/cmgtcontent/media//001048400/000/001048436_001_220772_708.jpg
wi235063,NL ah,Iglo Rode kool met appeltjes 750 g ,1,,Aardappel. groente. fruit/Rode kool (diepvries),,11112,2.653333333,,,750 g,1.99,,,https://static.ahold.com/cmgtcontent/media//001238900/000/001238972_002_235063_708.jpg
wi414776,NL ah,Quaker Havermout 600 g ,1,,Ontbijtgranen. broodbeleg. tussendoor/Havermout (regular),,08120,2.65,,,600 g,1.59,,,https://static.ah.nl/static/product/AHI_434d50363231313838_3_LowRes_JPG.JPG
wi237890,NL ah,AH Biologisch Havermout 450 g ,1,,Ontbijtgranen. broodbeleg. tussendoor/Havermout (regular),,08120,2.644444444,,,450 g,1.19,,,https://static.ah.nl/static/product/AHI_434d50313937323530_1_LowRes_JPG.JPG
wi417126,NL ah,Quaker Havermout 375 g ,1,,Ontbijtgranen. broodbeleg. tussendoor/Havermout (regular),,08120,2.64,,,375 g,0.99,,,https://static.ah.nl/static/product/AHI_434d5033323034353231_2_LowRes_JPG.JPG
wi223319,NL ah,Soubry Spaghetti rustica 375 g ,1,,Pasta. rijst. internationale keuken/Spaghetti (houdbaar),,20420,2.64,,,375 g,0.99,,,https://static.ah.nl/static/product/AHI_434d5031373336323631_1_LowRes_JPG.JPG
wi202199,NL ah,Hak Witte bonen 720 g ,1,,Aardappel. groente. fruit/Witte bonen (conserven),,11046,2.638888889,,,720 g,1.9,,,https://static.ahold.com/cmgtcontent/media//001975700/000/001975728_002_202199_708.jpg
wi382976,NL ah,CêlaVíta Echte friet robuust gesneden 700 g ,1,,Aardappel. groente. fruit/Aardappelfriet (vers),,11352,2.628571429,,,700 g,1.84,,,https://static.ah.nl/static/product/AHI_434d5031313531333137_1_LowRes_JPG.JPG
wi382977,NL ah,CêlaVíta Verse friet met schil 700 g ,1,,Aardappel. groente. fruit/Aardappelfriet (vers),,11352,2.628571429,,,700 g,1.84,,,https://static.ahold.com/cmgtcontent/media//001452400/000/001452470_002_382977_708.jpg
wi168813,NL ah,AH Biologisch Kikkererwten 350 g ,1,,Aardappel. groente. fruit/Kikkererwten (conserven),,16056,2.628571429,,,350 g,0.92,,,https://static.ah.nl/static/product/AHI_434d50313832333533_2_LowRes_JPG.JPG
wi202208,NL ah,Hak Worteltjes extra fijn 350 g ,1,,Soepen. conserven. sauzen. smaakmakers/Wortelen (conserven),,11124,2.628571429,,,350 g,0.92,,,https://static.ahold.com/cmgtcontent/media//001975700/000/001975734_002_202208_708.jpg
wi167873,NL ah,AH Kikkererwten 400 g ,1,,Aardappel. groente. fruit/Kikkererwten (conserven),,16056,2.625,,,400 g,1.05,,,https://static.ah.nl/static/product/AHI_434d50313533353537_2_LowRes_JPG.JPG
wi66109/,NL ah,AH Biologisch Rode kool met appel deelblokjes 450 g ,1,,Aardappel. groente. fruit/Rode kool (diepvries),,11112,2.622222222,,,450 g,1.18,,,https://static.ah.nl/static/product/AHI_434d50313935393034_2_LowRes_JPG.JPG
wi410947,NL ah,AH Roodschillige aardappelschijfjes 450 g ,1,,Aardappel. groente. fruit/Aardappelschijfjes (vers),,11352,2.622222222,,,450 g,1.18,,,https://static.ah.nl/static/product/AHI_434d50323837383934_2_LowRes_JPG.JPG
wi41096/,NL ah,CêlaVíta Mini-krieltjes 450 g ,1,,Aardappel. groente. fruit/Krieltjes - geschild,,11352,2.622222222,,,450 g,1.18,,,https://static.ahold.com/cmgtcontent/media//001837800/000/001837800_001_41096_708.jpg
wi120871,NL ah,CêlaVíta Wokjes aardappelblokjes 450 g ,1,,Aardappel. groente. fruit/Aardappelschijfjes (vers),,11352,2.622222222,,,450 g,1.18,,,https://static.ahold.com/cmgtcontent/media//001848900/000/001848934_009_120871_708.jpg
wi173410,NL ah,AH Tortilla wraps voordeel 12 stuks ,1,,Pasta. rijst. internationale keuken/Tortilla. wrap. burrito,,18450,2.62,,,12 stuks,1.94,,,https://static.ah.nl/static/product/AHI_434d50313537393731_2_LowRes_JPG.JPG
wi378627,NL ah,Heinz Tomato blokjes met basilicum en oregano 390 g ,1,,Pasta. rijst. internationale keuken/Tomatenblokjes (conserven),,11529,2.615384615,,,390 g,1.02,,,https://static.ahold.com/cmgtcontent/media//001416100/000/001416170_001_378627_708.jpg
wi378628,NL ah,Heinz Tomato blokjes met knoflook 390 g ,1,,Pasta. rijst. internationale keuken/Tomatenblokjes (conserven),,11529,2.615384615,,,390 g,1.02,,,https://static.ahold.com/cmgtcontent/media//001416100/000/001416120_001_378628_708.jpg
wi223318,NL ah,Soubry Penne rigate 375 g ,1,,Pasta. rijst. internationale keuken/Penne,,20420,2.613333333,,,375 g,0.98,,,https://static.ahold.com/cmgtcontent/media//001105100/000/001105148_001_223318_708.jpg
wi96398/,NL ah,AH Conference handperen 4 stuks ,1,,Aardappel. groente. fruit/Peren zoet en aromatisch,,09252,2.61,,,4 stuks,2.09,,,https://static.ah.nl/static/product/AHI_434d50303132323935_5_LowRes_JPG.JPG
wi164564,NL ah,Del Monte Halve perziken op sap 825 g ,1,,Aardappel. groente. fruit/Perziken (conserven),,09236,2.606060606,,,825 g,2.15,,,https://static.ahold.com/cmgtcontent/media//001369900/000/001369968_003_164564_708.jpg
wi419524,NL ah,Smaakt Kikkererwten 350 g ,1,,Aardappel. groente. fruit/Kikkererwten (conserven),,16056,2.6,,,350 g,0.91,,,https://static.ahold.com/cmgtcontent/media//001800300/000/001800360_004_419524_708.jpg
wi419859,NL ah,Pur Natur Biologische roeryoghurt 1000 g ,1,,Zuivel. eieren/Volle yoghurt,,01118,2.59,,,1000 g,2.59,,,https://static.ah.nl/static/product/AHI_434d5035333133313535_1_LowRes_JPG.JPG
wi2064/g,NL ah,Grand'Italia Farfalle tradizionali 500 g ,1,,Pasta. rijst. internationale keuken/Farfalle,,20420,2.58,,,500 g,1.29,,,https://static.ahold.com/cmgtcontent/media//001650800/000/001650862_005_2064_708.jpg
wi2090/g,NL ah,Grand'Italia Spaghetti tradizionali 500 g ,1,,Pasta. rijst. internationale keuken/Spaghetti (houdbaar),,20420,2.58,,,500 g,1.29,,,https://static.ah.nl/static/product/AHI_434d50323737303630_1_LowRes_JPG.JPG
wi160583,NL ah,La Baleine Zeezout fijn 500 g ,1,,Soepen. conserven. sauzen. smaakmakers/Zeezout,,02047,2.58,,,500 g,1.29,,,https://static.ahold.com/cmgtcontent/media//001441700/000/001441738_001_160583_708.jpg
wi160582,NL ah,La Baleine Zeezout grof 500 g ,1,,Soepen. conserven. sauzen. smaakmakers/Zeezout,,02047,2.58,,,500 g,1.29,,,https://static.ahold.com/cmgtcontent/media//001460800/000/001460882_001_160582_708.jpg
wi379122,NL ah,AH Kaki 1 kg ,1,,Aardappel. groente. fruit/Verse kakifruit,,09265,2.58,,,1 kg,2.58,,,https://static.ah.nl/static/product/AHI_434d50323238333936_5_LowRes_JPG.JPG
wi143017,NL ah,Grand'Italia Macaroni tradizionali 500 g ,1,,Pasta. rijst. internationale keuken/Macaroni,,20420,2.58,,,500 g,1.29,,,https://static.ahold.com/cmgtcontent/media//001652600/000/001652692_008_143017_708.jpg
wi124473,NL ah,AH Peren half op siroop 411 g ,1,,Aardappel. groente. fruit/Halve peren (conserven),,09252,2.579075426,,,411 g,1.06,,,https://static.ah.nl/static/product/AHI_434d50323532323037_1_LowRes_JPG.JPG
wi823/ah,NL ah,AH Sperziebonen fijn gebroken 330 g ,1,,Aardappel. groente. fruit/Sperziebonen (conserven),,11052,2.575757576,,,330 g,0.85,,,https://static.ah.nl/static/product/AHI_434d50323132373632_1_LowRes_JPG.JPG
wi201045,NL ah,Waldkorn Heel 800 g ,1,,Bakkerij/Volkoren brood (dagvers),,18075,2.5625,,,800 g,2.05,,,https://static.ah.nl/static/product/AHI_434d50303430323436_1_LowRes_JPG.JPG
wi417056,NL ah,Ardo Broccolimix 1 kg ,1,,Aardappel. groente. fruit/Broccoli (diepvries),,11090,2.56,,,1 kg,2.56,,,https://static.ah.nl/static/product/AHI_43545236333239343437_1_LowRes_JPG.JPG
wi213922,NL ah,Hak Boerenkool 680 g ,1,,Aardappel. groente. fruit/Boerenkool (conserven),,11233,2.558823529,,,680 g,1.74,,,https://static.ahold.com/cmgtcontent/media//000957700/000/000957796_002_213922_708.jpg
wi39028/,NL ah,AH Aardbeien op lichte siroop 400 g ,1,,Soepen. conserven. sauzen. smaakmakers/Aardbeien (conserven),,09316,2.55,,,400 g,1.02,,,https://static.ah.nl/static/product/AHI_434d50323132373539_1_LowRes_JPG.JPG
wi195541,NL ah,AH Lima bonen 400 g ,1,,Soepen. conserven. sauzen. smaakmakers/Limabonen,,16074,2.55,,,400 g,1.02,,,https://static.ah.nl/static/product/AHI_434d50303234373037_2_LowRes_JPG.JPG
wi226730,NL ah,Cirio Tomatenblokjes met basilicum 400 g ,1,,Pasta. rijst. internationale keuken/Tomatenblokjes (conserven),,11529,2.55,,,400 g,1.02,,,https://static.ahold.com/cmgtcontent/media//001125300/000/001125374_001_226730_708.jpg
wi216288,NL ah,Hak Gesneden bladspinazie 630 g ,1,,Soepen. conserven. sauzen. smaakmakers/Spinazie (conserven),,11457,2.523809524,,,630 g,1.59,,,https://static.ahold.com/cmgtcontent/media//000977700/000/000977792_002_216288_708.jpg
wi858/ah,NL ah,AH Ananasschijven op sap 425 g ,1,,Aardappel. groente. fruit/Ananas (conserven),,09266,2.517647059,,,425 g,1.07,,,https://static.ah.nl/static/product/AHI_434d50303538323635_2_LowRes_JPG.JPG
wi378626,NL ah,Heinz Tomatenblokjes Naturel 390 g ,1,,Pasta. rijst. internationale keuken/Tomatenblokjes (conserven),,11529,2.512820513,,,390 g,0.98,,,https://static.ah.nl/static/product/AHI_434d50323837303831_1_LowRes_JPG.JPG
wi130202,NL ah,Bonduelle Franse sperziebonen mini 800 g ,1,,Aardappel. groente. fruit/Sperziebonen (conserven),,11052,2.5125,,,800 g,2.01,,,https://static.ahold.com/cmgtcontent/media//001539900/000/001539992_001_130202_708.jpg
wi198410,NL ah,Valle del sole Rode split linzen 900 g ,1,,Soepen. conserven. sauzen. smaakmakers/Linzen (gedroogd),,16070,2.5,,,900 g,2.25,,,https://static.ahold.com/cmgtcontent/media//001264200/000/001264216_001_198410_708.jpg
wi198413,NL ah,Valle del sole Witte bonen 900 g ,1,,Soepen. conserven. sauzen. smaakmakers/Witte bonen (gedroogd),,11046,2.5,,,900 g,2.25,,,https://static.ahold.com/cmgtcontent/media//001264200/000/001264212_001_198413_708.jpg
wi412578,NL ah,AH Yoghurt Griekse stijl 600 g ,1,,Zuivel. eieren/Griekse yoghurt naturel,,01287,2.5,,,600 g,1.5,,,https://static.ah.nl/static/product/AHI_434d50323837383838_1_LowRes_JPG.JPG
wi39319/,NL ah,AH BASIC Maiskorrels 300 g ,1,,Aardappel. groente. fruit/Maiskorrels (conserven),,11167,2.5,,,300 g,0.75,,,https://static.ah.nl/static/product/AHI_434d50303937303736_1_LowRes_JPG.JPG
wi439393,NL ah,Goldsteig Mozzarella light 8.5% 220 g ,1,,Kaas. vleeswaren. delicatessen/Mozzarella,,43597,2.5,,,220 g,0.55,,,https://static.ahold.com/cmgtcontent/media//001974700/000/001974740_001_439393_708.jpg
wi426004,NL ah,AH Biologisch Flespompoen 1 kg ,1,,Aardappel. groente. fruit/Pompoen (vers),,11477,2.49,,,1 kg,2.49,,,https://static.ahold.com/cmgtcontent/media//001864000/000/001864040_001_426004_708.jpg
wi455429,NL ah,AH Junami zak 1kg 1 kg ,1,,Aardappel. groente. fruit/Appels fris,,09003,2.49,,,1 kg,2.49,,,https://static.ah.nl/static/product/AHI_43545236383534383939_1_LowRes_JPG.JPG
wi437239,NL ah,AH Biologisch Les Pains Montagne heel per stuk ,1,,Bakkerij/Volkoren brood (ovenvers),,18075,2.4875,,800.00 g,per stuk,1.99,,,https://static.ah.nl/static/product/AHI_434d5039373839323335_2_LowRes_JPG.JPG
wi223178,NL ah,Soubry Tagliatelli 375 g ,1,,Pasta. rijst. internationale keuken/Tagliatelli. fettucini. linguine (houdbaar),,20420,2.48,,,375 g,0.93,,,https://static.ahold.com/cmgtcontent/media//001104100/000/001104140_001_223178_708.jpg
wi60743/,NL ah,AH Biologisch Sperziebonen 340 g ,1,,Aardappel. groente. fruit/Sperziebonen (conserven),,11052,2.470588235,,,340 g,0.84,,,https://static.ah.nl/static/product/AHI_434d50313832343139_2_LowRes_JPG.JPG
wi428675,NL ah,AH Excellent Charlotte 1 kg ,1,,Aardappel. groente. fruit/Hele aardappel - speciale smaak,,11352,2.46,,,1 kg,2.46,,,https://static.ah.nl/static/product/AHI_434d5034353636393730_1_LowRes_JPG.JPG
wi208765,NL ah,CêlaVíta Oma's vastkokende aardappelen 500 g ,1,,Aardappel. groente. fruit/Geschilde aardappel - vastkokend,,11352,2.44,,,500 g,1.22,,,https://static.ahold.com/cmgtcontent/media//001837800/000/001837808_001_208765_708.jpg
wi2065/g,NL ah,Grand'Italia Penne tradizionali 500 g ,1,,Pasta. rijst. internationale keuken/Penne,,20420,2.44,,,500 g,1.22,,,https://static.ah.nl/static/product/AHI_434d50323737303832_1_LowRes_JPG.JPG
wi173138,NL ah,Grand'Italia Rigatoni tradizionali 500 g ,1,,Pasta. rijst. internationale keuken/Rigatoni,,20420,2.44,,,500 g,1.22,,,https://static.ahold.com/cmgtcontent/media//001650800/000/001650860_001_173138_708.jpg
wi419476,NL ah,Honig Spaghettini 500 g ,1,,Pasta. rijst. internationale keuken/Spaghetti (houdbaar),,20420,2.44,,,500 g,1.22,,,https://static.ahold.com/cmgtcontent/media//001800300/000/001800342_001_419476_708.jpg
wi195102,NL ah,Hak Witte bonen in tomatensaus 720 g ,1,,Aardappel. groente. fruit/Witte bonen (conserven),,11046,2.416666667,,,720 g,1.74,,,https://static.ahold.com/cmgtcontent/media//001975700/000/001975710_002_195102_708.jpg
139181BL,NL jumbo,Cartier Groene Olijven Zonder Pit 850g,1,,Koken. soepen. maaltijden,,09195,2.411764706,,,850 g,2.05,,,https://static-images.jumbo.com/product_images/139181BLK-1_720x720.png
wi223184,NL ah,Elvea Gepelde tomaten in blokjes 1200 g ,1,,Pasta. rijst. internationale keuken/Tomatenblokjes (conserven),,11529,2.408333333,,,1200 g,2.89,,,https://static.ah.nl/static/product/AHI_43545236323036373733_2_LowRes_JPG.JPG
wi417148,NL ah,AH Vloerbrood volkoren per stuk ,1,,Bakkerij/Volkoren brood (ovenvers),,18075,2.4,,800.00 g,per stuk,1.92,,,https://static.ah.nl/static/product/AHI_43545236373135333230_1_LowRes_JPG.JPG
wi173810,NL ah,AH Tafelzout met jodium 125 g ,1,,Soepen. conserven. sauzen. smaakmakers/Zout (diverse),,02047,2.4,,,125 g,0.3,,,https://static.ah.nl/static/product/AHI_434d50313530383932_1_LowRes_JPG.JPG
wi60036/,NL ah,AH Champignonschijfjes 280 g ,1,,Soepen. conserven. sauzen. smaakmakers/Champignons (conserven),,11260,2.392857143,,,280 g,0.67,,,https://static.ah.nl/static/product/AHI_434d50323132373338_1_LowRes_JPG.JPG
wi164358,NL ah,AH Kilo'tje zoete aardappel 1 kg ,1,,Aardappel. groente. fruit/Zoete aardappelen,,11507,2.39,,,1 kg,2.39,,,https://static.ah.nl/static/product/AHI_434d50303532323830_2_LowRes_JPG.JPG
wi208767,NL ah,CêlaVíta Oma's kruimige aardappelen voordeel 900 g ,1,,Aardappel. groente. fruit/Stamppot aardappelen,,11352,2.388888889,,,900 g,2.15,,,https://static.ahold.com/cmgtcontent/media//001073900/000/001073954_002_208767_708.jpg
wi445488,NL ah,AH Chioggia Biet 750 g ,1,,Aardappel. groente. fruit/Bietjes (vers),,11080,2.386666667,,,750 g,1.79,,,https://static.ah.nl/static/product/AHI_4354525f36303938363034_1_LowRes_JPG.JPG
wi101183,NL ah,AH Biologisch Rode kool met appel 340 g ,1,,Aardappel. groente. fruit/Rode kool (conserven),,11112,2.382352941,,,340 g,0.81,,,https://static.ah.nl/static/product/AHI_434d50313832333836_2_LowRes_JPG.JPG
wi80568/,NL ah,AH Hutspot groenten 500 g ,1,,Aardappel. groente. fruit/Hutspot groente,,11124,2.38,,,500 g,1.19,,,https://static.ah.nl/static/product/AHI_434d50303133393132_7_LowRes_JPG.JPG
wi115030,NL ah,Bonduelle Franse sperzieboontjes zeer fijn 800 g ,1,,Aardappel. groente. fruit/Sperziebonen (conserven),,11052,2.375,,,800 g,1.9,,,https://static.ah.nl/static/product/AHI_434d50303234373030_1_LowRes_JPG.JPG
wi60741/,NL ah,AH Biologisch Hollandse bruine bonen 360 g ,1,,Aardappel. groente. fruit/Bruine bonen (conserven),,16027,2.361111111,,,360 g,0.85,,,https://static.ah.nl/static/product/AHI_434d50313832333531_2_LowRes_JPG.JPG
wi2072/g,NL ah,Grand'Italia Pipe rigate tradizionali 500 g ,1,,Pasta. rijst. internationale keuken/Schelpjes. conchigliette,,20420,2.36,,,500 g,1.18,,,https://static.ahold.com/cmgtcontent/media//001652700/000/001652700_001_2072_708.jpg
wi161413,NL ah,AH BASIC Champignons gesneden 400 g ,1,,Soepen. conserven. sauzen. smaakmakers/Champignons (conserven),,11260,2.35,,,400 g,0.94,,,https://static.ah.nl/static/product/AHI_434d50303832363133_1_LowRes_JPG.JPG
wi163903,NL ah,CêlaVíta Mini-krieltjes voordeel 700 g ,1,,Aardappel. groente. fruit/Krieltjes - geschild,,11352,2.342857143,,,700 g,1.64,,,https://static.ahold.com/cmgtcontent/media//001837800/000/001837814_001_163903_708.jpg
wi58168/,NL ah,AH Biologisch Volkoren penne rigate 500 g ,1,,Pasta. rijst. internationale keuken/Penne,,20420,2.34,,,500 g,1.17,,,https://static.ah.nl/static/product/AHI_434d50323134383231_1_LowRes_JPG.JPG
wi39619/,NL ah,AH Sperziebonen zeer fijn. heel 450 g ,1,,Aardappel. groente. fruit/Sperziebonen (diepvries),,11052,2.333333333,,,450 g,1.05,,,https://static.ah.nl/static/product/AHI_434d50313630313031_1_LowRes_JPG.JPG
wi202663,NL ah,Inproba Satésaus kant-en-klaar 420 g ,1,,Pasta. rijst. internationale keuken/Satésaus,,27059,2.333333333,,,420 g,0.98,,,https://static.ahold.com/cmgtcontent/media//001216100/000/001216134_004_202663_708.jpg
wi127590,NL ah,AH Bospeen per bos ,1,,Aardappel. groente. fruit/Bospeen,,11124,2.32,,,per bos,1.39,,,https://static.ah.nl/static/product/AHI_434d50303138333036_2_LowRes_JPG.JPG
wi225014,NL ah,Smaakt Volkoren havermout 500 g ,1,,Ontbijtgranen. broodbeleg. tussendoor/Havermout (regular),,08120,2.32,,,500 g,1.16,,,https://static.ahold.com/cmgtcontent/media//001897700/000/001897796_001_225014_708.jpg
wi57859/,NL ah,AH Rode kool met appel 330 g ,1,,Aardappel. groente. fruit/Rode kool (conserven),,11112,2.303030303,,,330 g,0.76,,,https://static.ah.nl/static/product/AHI_434d50323132373332_1_LowRes_JPG.JPG
wi233492,NL ah,AH Stevig grof volkoren heel per stuk ,1,,Bakkerij/Volkoren brood (ovenvers),,18075,2.3,,800.00 g,per stuk,1.84,,,https://static.ah.nl/static/product/AHI_43545236373639363035_1_LowRes_JPG.JPG
wi144782,NL ah,AH Brabants roggebrood 400 g ,1,,Bakkerij/Roggebrood (dagvers),,18053,2.3,,,400 g,0.92,,,https://static.ah.nl/static/product/AHI_434d50323139303535_2_LowRes_JPG.JPG
wi201003,NL ah,Soma Limburgs roggebrood 400 g ,1,,Bakkerij/Roggebrood (dagvers),,18053,2.3,,,400 g,0.92,,,https://static.ahold.com/cmgtcontent/media//001628400/000/001628402_001_201003_708.jpg
wi436588,NL ah,AH Buitenbeentjes komkommer 1 kg ,1,,Aardappel. groente. fruit/Komkommer (vers),,11205,2.29,,,1 kg,2.29,,,https://static.ah.nl/static/product/AHI_434d5036333137343431_3_LowRes_JPG.JPG
wi215683,NL ah,AH Krieltjes vastkokend voordeel 1 kg ,1,,Aardappel. groente. fruit/Krieltjes - ongeschild,,11352,2.29,,,1 kg,2.29,,,https://static.ah.nl/static/product/AHI_434d50313030313830_4_LowRes_JPG.JPG
wi208766,NL ah,CêlaVíta Oma's vastkokende aardappelen voordeel 900 g ,1,,Aardappel. groente. fruit/Geschilde aardappel - vastkokend,,11352,2.277777778,,,900 g,2.05,,,https://static.ahold.com/cmgtcontent/media//001837800/000/001837810_001_208766_708.jpg
wi198416,NL ah,Valle del sole Zwarte oogbonen 900 g ,1,,Soepen. conserven. sauzen. smaakmakers/Zwarte bonen (gedroogd),,16016,2.277777778,,,900 g,2.05,,,https://static.ahold.com/cmgtcontent/media//001264200/000/001264258_001_198416_708.jpg
wi409996,NL ah,AH Biologisch Boerenkool 450 g ,1,,Diepvries/Boerenkool (diepvries),,11233,2.266666667,,,450 g,1.02,,,https://static.ah.nl/static/product/AHI_434d50323832383834_1_LowRes_JPG.JPG
wi226367,NL ah,AH Broccoliroosjes 450 g ,1,,Aardappel. groente. fruit/Broccoli (diepvries),,11090,2.266666667,,,450 g,1.02,,,https://static.ah.nl/static/product/AHI_434d50313738333530_1_LowRes_JPG.JPG
wi3542/i,NL ah,Iglo Fijn gehakte spinazie deelblokjes 450 g ,1,,Aardappel. groente. fruit/Spinazie (diepvries),,11457,2.266666667,,,450 g,1.02,,,https://static.ah.nl/static/product/AHI_434d50363131393234_1_LowRes_JPG.JPG
wi98987/,NL ah,Iglo Spinazie à la crème deelblokjes 450 g ,1,,Aardappel. groente. fruit/Spinazie (diepvries),,11457,2.266666667,,,450 g,1.02,,,https://static.ah.nl/static/product/AHI_434d50363131383830_1_LowRes_JPG.JPG
wi443309,NL ah,AH Excellent Mulberry beauty 1 kg ,1,,Aardappel. groente. fruit/Hele aardappel - speciale smaak,,11352,2.25,,1000.00 g,1 kg,2.25,,,https://static.ah.nl/static/product/AHI_43545236313634363832_1_LowRes_JPG.JPG
wi207508,NL ah,Hak Worteltjes extra fijn 680 g ,1,,Soepen. conserven. sauzen. smaakmakers/Wortelen (conserven),,11124,2.25,,,680 g,1.53,,,https://static.ahold.com/cmgtcontent/media//001975700/000/001975752_002_207508_708.jpg
wi428726,NL ah,AH Biologisch Iets kruimig roodschillig 1 kg ,1,,Aardappel. groente. fruit/Aardappel iets kruimig - met schil,,11352,2.25,,,1 kg,2.25,,,https://static.ah.nl/static/product/AHI_434d5034343430383934_3_LowRes_JPG.JPG
wi169198,NL ah,AH Biologisch Kilo'tje iets kruimig 1 kg ,1,,Aardappel. groente. fruit/Aardappel iets kruimig - met schil,,11352,2.25,,,1 kg,2.25,,,https://static.ah.nl/static/product/AHI_434d50303631343737_3_LowRes_JPG.JPG
wi127726,NL ah,AH Biologisch Kilo'tje vastkokend 1 kg ,1,,Aardappel. groente. fruit/Aardappel vastkokend - met schil,,11352,2.25,,,1 kg,2.25,,,https://static.ah.nl/static/product/AHI_434d50303631343730_3_LowRes_JPG.JPG
wi443325,NL ah,AH Excellent Truffelaardappel 1 kg ,1,,Aardappel. groente. fruit/Hele aardappel - speciale smaak,,11352,2.25,,,1 kg,2.25,,,https://static.ah.nl/static/product/AHI_43545236313431373830_1_LowRes_JPG.JPG
wi428663,NL ah,AH Zoete aardappel 2 kg ,1,,Aardappel. groente. fruit/Zoete aardappelen,,11507,2.245,,,2 kg,4.49,,,https://static.ah.nl/static/product/AHI_434d5034343430383936_2_LowRes_JPG.JPG
wi942/ah,NL ah,AH Macaroni meergranen 500 g ,1,,Pasta. rijst. internationale keuken/Macaroni,,20420,2.24,,,500 g,1.12,,,https://static.ah.nl/static/product/AHI_434d50323339313030_1_LowRes_JPG.JPG
wi3468/a,NL ah,AH Spaghetti meergranen 500 g ,1,,Pasta. rijst. internationale keuken/Spaghetti (houdbaar),,20420,2.24,,,500 g,1.12,,,https://static.ah.nl/static/product/AHI_434d50303432343432_1_LowRes_JPG.JPG
wi128940,NL ah,AH Barbecue minikrieltjes 450 g ,1,,Aardappel. groente. fruit/Krieltjes - gekruid,,11352,2.222222222,,,450 g,1,,,https://static.ah.nl/static/product/AHI_434d50303038363637_2_LowRes_JPG.JPG
wi419486,NL ah,Honig Spaghetti original 550 g ,1,,Pasta. rijst. internationale keuken/Spaghetti (houdbaar),,20420,2.218181818,,,550 g,1.22,,,https://static.ahold.com/cmgtcontent/media//001800300/000/001800364_001_419486_708.jpg
wi36488/,NL ah,AH Zilvervlies rijst 400 g ,1,,Pasta. rijst. internationale keuken/Zilvervlies rijst,,20041,2.2,,,400 g,0.88,,,https://static.ah.nl/static/product/AHI_434d50303134353638_2_LowRes_JPG.JPG
wi364891,NL ah,Smaakt Volkoren havermout XL 1500 g ,1,,Ontbijtgranen. broodbeleg. tussendoor/Havermout (regular),,08120,2.193333333,,,1500 g,3.29,,,https://static.ah.nl/static/product/AHI_434d50323036353630_2_LowRes_JPG.JPG
wi94782/,NL ah,AH Mandarijnen net 1 kg ,1,,Aardappel. groente. fruit/Verse mandarijnen,,09218,2.19,,,1 kg,2.19,,,https://static.ah.nl/static/product/AHI_43545236323531393738_1_LowRes_JPG.JPG
wi207533,NL ah,Hak Rode kool 700 g ,1,,Aardappel. groente. fruit/Rode kool (conserven),,11112,2.185714286,,,700 g,1.53,,,https://static.ahold.com/cmgtcontent/media//001218700/000/001218794_003_207533_708.jpg
wi207534,NL ah,Hak Rode kool met stukjes appel 700 g ,1,,Aardappel. groente. fruit/Rode kool (conserven),,11112,2.185714286,,,700 g,1.53,,,https://static.ahold.com/cmgtcontent/media//001975700/000/001975760_002_207534_708.jpg
wi39036/,NL ah,AH Perziken half op siroop 820 g ,1,,Aardappel. groente. fruit/Perziken (conserven),,09236,2.182926829,,,820 g,1.79,,,https://static.ah.nl/static/product/AHI_434d50313239383931_2_LowRes_JPG.JPG
wi210154,NL ah,AH Broccoli ca. 450 g ,1,,Aardappel. groente. fruit/Broccoli (vers),,11090,2.18,,450.00 g,ca. 450 g,0.98,,,https://static.ah.nl/static/product/AHI_434d50303133303830_3_LowRes_JPG.JPG
wi218641,NL ah,AH Biologisch Gekookte rode bieten 500 g ,1,,Aardappel. groente. fruit/Bietjes (vers),,11080,2.18,,,500 g,1.09,,,https://static.ah.nl/static/product/AHI_434d50313332343638_2_LowRes_JPG.JPG
wi4177/a,NL ah,AH Broccoli 500 g ,1,,Aardappel. groente. fruit/Broccoli (vers),,11090,2.18,,,500 g,1.09,,,https://static.ahold.com/cmgtcontent/media//000973900/000/000973942_002_4177_708.jpg
wi115254,NL ah,AH Gekookte rode kool met appel 500 g ,1,,Aardappel. groente. fruit/Rode kool (conserven),,11112,2.18,,,500 g,1.09,,,https://static.ah.nl/static/product/AHI_434d50303138333231_1_LowRes_JPG.JPG
wi445492,NL ah,AH Gele peen 500 g ,1,,Aardappel. groente. fruit/Peen julienne,,11124,2.18,,,500 g,1.09,,,https://static.ah.nl/static/product/AHI_4354525f36303938363035_2_LowRes_JPG.JPG
wi445491,NL ah,AH Paarse peen 500 g ,1,,Aardappel. groente. fruit/Peen julienne,,11124,2.18,,,500 g,1.09,,,https://static.ah.nl/static/product/AHI_4354525f36303938363036_2_LowRes_JPG.JPG
wi4095/a,NL ah,AH Spruiten 500 g ,1,,Aardappel. groente. fruit/Spruiten (vers),,11098,2.18,,,500 g,1.09,,,https://static.ah.nl/static/product/AHI_434d50323539363338_5_LowRes_JPG.JPG
wi96395/,NL ah,AH Uien rood 500 g ,1,,Aardappel. groente. fruit/Rode uien,,11282,2.18,,,500 g,1.09,,,https://static.ah.nl/static/product/AHI_434d5033323034343933_1_LowRes_JPG.JPG
wi221495,NL ah,AH Wortelen 500 g ,1,,Aardappel. groente. fruit/Wortelen (vers),,11124,2.18,,,500 g,1.09,,,https://static.ah.nl/static/product/AHI_434d50323633343836_1_LowRes_JPG.JPG
wi39032/,NL ah,AH Peren half op zware siroop 822 g ,1,,Aardappel. groente. fruit/Halve peren (conserven),,09252,2.177615572,,,822 g,1.79,,,https://static.ah.nl/static/product/AHI_434d50303234343438_2_LowRes_JPG.JPG
wi67746/,NL ah,AH Bladspinazie gesneden deelblokjes 450 g ,1,,Aardappel. groente. fruit/Spinazie (diepvries),,11457,2.155555556,,,450 g,0.97,,,https://static.ah.nl/static/product/AHI_434d50313433313431_1_LowRes_JPG.JPG
wi419519,NL ah,Honig Spaghetti vlugkokend 500 g ,1,,Pasta. rijst. internationale keuken/Spaghetti (houdbaar),,20420,2.14,,,500 g,1.07,,,https://static.ahold.com/cmgtcontent/media//001800300/000/001800362_001_419519_708.jpg
wi161396,NL ah,AH Biologisch Sperziebonen 680 g ,1,,Aardappel. groente. fruit/Sperziebonen (conserven),,11052,2.102941176,,,680 g,1.43,,,https://static.ah.nl/static/product/AHI_434d50313736353338_2_LowRes_JPG.JPG
wi429053,NL ah,AH Hamburgers 840 g ,1,,Diepvries/Burgers (diepvries),,23572,2.083333333,,,840 g,1.75,,,https://static.ah.nl/static/product/AHI_434d5034363838313830_3_LowRes_JPG.JPG
wi226440,NL ah,Iglo Spinazie à la crème deelblokjes 750 g ,1,,Aardappel. groente. fruit/Spinazie (diepvries),,11457,2.066666667,,,750 g,1.55,,,https://static.ah.nl/static/product/AHI_434d5032313239323137_2_LowRes_JPG.JPG
wi805/ah,NL ah,AH Witte bonen in tomatensaus 350 g ,1,,Aardappel. groente. fruit/Witte bonen (conserven),,11046,2.057142857,,,350 g,0.72,,,https://static.ah.nl/static/product/AHI_434d50323132373533_1_LowRes_JPG.JPG
wi121473,NL ah,AH Broccoliroosjes voordeel 1 kg ,1,,Aardappel. groente. fruit/Broccoli (diepvries),,11090,2.05,,,1 kg,2.05,,,https://static.ah.nl/static/product/AHI_434d50313937353632_1_LowRes_JPG.JPG
wi419148,NL ah,AH Excellent Colomba vastkokend 1 kg ,1,,Aardappel. groente. fruit/Hele aardappel - speciale smaak,,11352,2.05,,,1 kg,2.05,,,https://static.ah.nl/static/product/AHI_434d5034343430393539_2_LowRes_JPG.JPG
wi189904,NL ah,AH Gieser Wildeman (stoof) peren 1 kg ,1,,Aardappel. groente. fruit/Peren extra fris,,09252,2.05,,,1 kg,2.05,,,https://static.ahold.com/cmgtcontent/media//001604700/000/001604790_001_189904_708.jpg
wi111388,NL ah,AH Kilo'tje iets kruimige aardappelen 1 kg ,1,,Aardappel. groente. fruit/Aardappel iets kruimig - met schil,,11352,2.05,,,1 kg,2.05,,,https://static.ah.nl/static/product/AHI_434d5034343430383333_2_LowRes_JPG.JPG
wi123955,NL ah,AH Kilo'tje kruimig 1 kg ,1,,Aardappel. groente. fruit/Aardappel kruimig - met schil,,11352,2.05,,,1 kg,2.05,,,https://static.ah.nl/static/product/AHI_434d50303133393233_4_LowRes_JPG.JPG
wi123866,NL ah,AH Kilo'tje vastkokend 1 kg ,1,,Aardappel. groente. fruit/Aardappel vastkokend - met schil,,11352,2.05,,,1 kg,2.05,,,https://static.ah.nl/static/product/AHI_434d50303133393232_4_LowRes_JPG.JPG
wi428670,NL ah,AH Roodschillige aardappelen iets kruimig 1 kg ,1,,Aardappel. groente. fruit/Aardappel iets kruimig - met schil,,11352,2.05,,,1 kg,2.05,,,https://static.ah.nl/static/product/AHI_434d5034343430383334_3_LowRes_JPG.JPG
wi62593/,NL ah,Heinz Tomato beans 415 g ,1,,Aardappel. groente. fruit/Witte bonen (conserven),,11046,2.048192771,,,415 g,0.85,,,https://static.ahold.com/cmgtcontent/media//001539300/000/001539314_001_62593_708.jpg
wi58367/,NL ah,AH Rode kool met appel 660 g ,1,,Aardappel. groente. fruit/Rode kool (conserven),,11112,2.045454545,,,660 g,1.35,,,https://static.ah.nl/static/product/AHI_434d50323132373634_1_LowRes_JPG.JPG
wi60607/,NL ah,AH Groene olijven zonder pit 240 g ,1,,Pasta. rijst. internationale keuken/Groene olijven,,09195,2.041666667,,,240 g,0.49,,,https://static.ah.nl/static/product/AHI_434d50383934373439_1_LowRes_JPG.JPG
wi62025/,NL ah,AH Farfalle 500 g ,1,,Pasta. rijst. internationale keuken/Farfalle,,20420,2.04,,,500 g,1.02,,,https://static.ah.nl/static/product/AHI_434d50323330343739_1_LowRes_JPG.JPG
wi117838,NL ah,AH Fries roggebrood 500 g ,1,,Bakkerij/Roggebrood (dagvers),,18053,2.04,,,500 g,1.02,,,https://static.ah.nl/static/product/AHI_434d50303430313835_2_LowRes_JPG.JPG
wi62027/,NL ah,AH Penne 500 g ,1,,Pasta. rijst. internationale keuken/Penne,,20420,2.04,,,500 g,1.02,,,https://static.ah.nl/static/product/AHI_434d50323330353137_1_LowRes_JPG.JPG
wi30851/,NL ah,AH Blokjes tomaat in tomatensap 400 g ,1,,Pasta. rijst. internationale keuken/Tomatenblokjes (conserven),,11529,2.025,,,400 g,0.81,,,https://static.ah.nl/static/product/AHI_434d50303133323037_1_LowRes_JPG.JPG
wi124189,NL ah,AH Zilvervlies rijst voordeel 1 kg ,1,,Pasta. rijst. internationale keuken/Zilvervlies rijst,,20041,2.01,,,1 kg,2.01,,,https://static.ah.nl/static/product/AHI_434d50303630383231_3_LowRes_JPG.JPG
wi369181,NL ah,Van Dijk Gesneden Fries roggebrood 500 g ,1,,Bakkerij/Roggebrood (dagvers),,18053,2,,,500 g,1,,,https://static.ahold.com/cmgtcontent/media//001824700/000/001824796_001_369181_708.jpg
wi210481,NL ah,AH BASIC Lasagne bladen 250 g ,1,,Pasta. rijst. internationale keuken/Lasagnebladen (houdbaar),,20420,2,,,250 g,0.5,,,https://static.ah.nl/static/product/AHI_434d50313138343531_1_LowRes_JPG.JPG
wi188797,NL ah,AH Mandarijnen voordeel 2 kg ,1,,Aardappel. groente. fruit/Verse mandarijnen,,09218,1.995,,,2 kg,3.99,,,https://static.ah.nl/static/product/AHI_434d50303434313031_3_LowRes_JPG.JPG
71499NET,NL jumbo,Jumbo Mandarijnen 1kg,1,,Fruit,,09218,1.99,,,1 kg,1.99,,,https://static-images.jumbo.com/product_images/71499NET-1_720x720.png
wi445070,NL ah,AH Buitenbeentjes spruitjes 1 kg ,1,,Aardappel. groente. fruit/Spruiten (vers),,11098,1.99,,,1 kg,1.99,,,https://static.ah.nl/static/product/AHI_4354525f36303732353036_3_LowRes_JPG.JPG
wi198414,NL ah,Valle del sole Groene linzen 900 g ,1,,Soepen. conserven. sauzen. smaakmakers/Linzen (gedroogd),,16070,1.988888889,,,900 g,1.79,,,https://static.ahold.com/cmgtcontent/media//001264200/000/001264214_001_198414_708.jpg
wi198411,NL ah,Valle del sole Kikkererwten 900 g ,1,,Aardappel. groente. fruit/Kikkererwten (gedroogd),,16056,1.988888889,,,900 g,1.79,,,https://static.ahold.com/cmgtcontent/media//001264200/000/001264218_001_198411_708.jpg
wi447696,NL ah,AH Vermicelli 500 g ,1,,Soepen. conserven. sauzen. smaakmakers/Vermicelli,,20420,1.98,,,500 g,0.99,,,https://static.ah.nl/static/product/AHI_43545236323035383230_1_LowRes_JPG.JPG
wi436197,NL ah,AH Fijne winterpeen 500 g ,1,,Aardappel. groente. fruit/Winterpeen,,11124,1.98,,,500 g,0.99,,,https://static.ah.nl/static/product/AHI_434d5036303734373831_1_LowRes_JPG.JPG
wi365573,NL ah,AH Gekruide bakaardappeltjes 500 g ,1,,Aardappel. groente. fruit/Aardappelpartjes (vers),,11352,1.98,,,500 g,0.99,,,https://static.ah.nl/static/product/AHI_434d50323131363433_2_LowRes_JPG.JPG
wi421620,NL ah,AH Spaghetti met ei 500 g ,1,,Pasta. rijst. internationale keuken/Spaghetti (houdbaar),,20420,1.98,,,500 g,0.99,,,https://static.ah.nl/static/product/AHI_4b525436303032353230_1_LowRes_JPG.JPG
wi4088/a,NL ah,AH Tomaten 500 g ,1,,Aardappel. groente. fruit/Trostomaat,,11529,1.98,,,500 g,0.99,,,https://static.ah.nl/static/product/AHI_434d50323139323531_1_LowRes_JPG.JPG
wi67642/,NL ah,Bolletje Fries roggebrood 500 g ,1,,Bakkerij/Roggebrood (dagvers),,18053,1.98,,,500 g,0.99,,,https://static.ahold.com/cmgtcontent/media//001346300/000/001346390_001_67642_708.jpg
wi223138,NL ah,Soubry Capellini volkoren 500 g ,1,,Pasta. rijst. internationale keuken/Spaghetti (houdbaar),,20420,1.98,,,500 g,0.99,,,https://static.ahold.com/cmgtcontent/media//001104000/000/001104068_001_223138_708.jpg
wi223199,NL ah,Soubry Spaghetti volkoren 500 g ,1,,Pasta. rijst. internationale keuken/Spaghetti (houdbaar),,20420,1.98,,,500 g,0.99,,,https://static.ahold.com/cmgtcontent/media//001104100/000/001104182_001_223199_708.jpg
wi814/ah,NL ah,AH Witte bonen 360 g ,1,,Aardappel. groente. fruit/Witte bonen (conserven),,11046,1.972222222,,,360 g,0.71,,,https://static.ah.nl/static/product/AHI_434d50323132373633_1_LowRes_JPG.JPG
wi130194,NL ah,Arcadios Griekse yoghurt 500 g ,1,,Zuivel. eieren/Griekse yoghurt naturel,,01287,1.96,,,500 g,0.98,,,https://static.ahold.com/cmgtcontent/media//001537200/000/001537278_001_130194_708.jpg
wi199742,NL ah,Unirice Parboiled rijst 2 kg ,1,,Pasta. rijst. internationale keuken/Witte rijst,,20452,1.95,,,2 kg,3.9,,,https://static.ah.nl/static/product/AHI_434d50303239323637_1_LowRes_JPG.JPG
wi4139/c,NL ah,Chiquita Bananen 1 kg ,1,,Aardappel. groente. fruit/Bananen,,09040,1.95,,,1 kg,1.95,,,https://static.ah.nl/static/product/AHI_434d50303133303832_3_LowRes_JPG.JPG
wi127393,NL ah,Chiquita Bananen 1 kg ,1,,Aardappel. groente. fruit/Bananen,,09040,1.95,,,1 kg,1.95,,,https://static.ahold.com/cmgtcontent/media//000998200/000/000998216_003_127393_708.jpg
wi382561,NL ah,AH Gebroken sperziebonen fijn 750 g ,1,,Aardappel. groente. fruit/Sperziebonen (diepvries),,11052,1.946666667,,,750 g,1.46,,,https://static.ah.nl/static/product/AHI_434d50323532393230_1_LowRes_JPG.JPG
wi226439,NL ah,Iglo Fijn gehakte spinazie 750 g ,1,,Aardappel. groente. fruit/Spinazie (diepvries),,11457,1.933333333,,,750 g,1.45,,,https://static.ahold.com/cmgtcontent/media//001387900/000/001387936_003_226439_708.jpg
wi226498,NL ah,AH Gebroken sperziebonen fijn 450 g ,1,,Aardappel. groente. fruit/Sperziebonen (diepvries),,11052,1.933333333,,,450 g,0.87,,,https://static.ah.nl/static/product/AHI_434d50313433313332_1_LowRes_JPG.JPG
wi365961,NL ah,Hak Bruine bonen uit Zeeland 720 g ,1,,Aardappel. groente. fruit/Bruine bonen (conserven),,16027,1.930555556,,,720 g,1.39,,,https://static.ah.nl/static/product/AHI_43545236343331353935_1_LowRes_JPG.JPG
wi796/ah,NL ah,AH Witte bonen in tomatensaus 400 g ,1,,Aardappel. groente. fruit/Witte bonen (conserven),,11046,1.925,,,400 g,0.77,,,https://static.ah.nl/static/product/AHI_434d50303234373931_1_LowRes_JPG.JPG
wi201010,NL ah,Van der Meulen Zonnebloemenpitten roggebrood 500 g ,1,,Bakkerij/Roggebrood (dagvers),,18053,1.92,,,500 g,0.96,,,https://static.ah.nl/static/product/AHI_434d50303430323538_1_LowRes_JPG.JPG
wi41247/,NL ah,AH Uien klein 500 g ,1,,Aardappel. groente. fruit/Gele uien,,11282,1.9,,,500 g,0.95,,,https://static.ah.nl/static/product/AHI_434d5033323034353031_1_LowRes_JPG.JPG
wi948/ah,NL ah,AH Witte snelkook rijst 400 g ,1,,Pasta. rijst. internationale keuken/Witte rijst,,20452,1.9,,,400 g,0.76,,,https://static.ah.nl/static/product/AHI_434d50303132353130_2_LowRes_JPG.JPG
wi426480,NL ah,Macarido Kikkererwten 540 gram ,1,,Aardappel. groente. fruit/Kikkererwten (conserven),,16056,1.888888889,,,540 gram,1.02,,,https://static.ahold.com/cmgtcontent/media//001894300/000/001894396_003_426480_708.jpg
wi426478,NL ah,Macarido Witte Bonen 540 gram ,1,,Aardappel. groente. fruit/Witte bonen (conserven),,11046,1.888888889,,,540 gram,1.02,,,https://static.ahold.com/cmgtcontent/media//001894300/000/001894394_003_426478_708.jpg
wi234268,NL ah,Appels van het seizoen voordeelpakket 16 stuks ,1,,Aardappel. groente. fruit/Appels friszoet,,09003,1.88,,,16 stuks,5.65,,,https://static.ah.nl/static/product/AHI_434d5036363938353139_3_LowRes_JPG.JPG
wi195566,NL ah,AH Hollandse bruine bonen 400 g ,1,,Aardappel. groente. fruit/Bruine bonen (conserven),,16027,1.875,,,400 g,0.75,,,https://static.ah.nl/static/product/AHI_434d50303133303932_3_LowRes_JPG.JPG
wi169688,NL ah,AH Stamppot aardappelen 600 g ,1,,Aardappel. groente. fruit/Stamppot aardappelen,,11352,1.866666667,,,600 g,1.12,,,https://static.ah.nl/static/product/AHI_434d50303434313235_2_LowRes_JPG.JPG
wi849/ah,NL ah,AH Hollandse bruine bonen 360 g ,1,,Aardappel. groente. fruit/Bruine bonen (conserven),,16027,1.861111111,,,360 g,0.67,,,https://static.ah.nl/static/product/AHI_434d50323132373434_1_LowRes_JPG.JPG
wi139446,NL ah,AH Verse Franse friet 700 g ,1,,Aardappel. groente. fruit/Aardappelfriet (vers),,11352,1.842857143,,,700 g,1.29,,,https://static.ah.nl/static/product/AHI_434d50303133383135_3_LowRes_JPG.JPG
wi418287,NL ah,AH Stamppot aardappelen 1 kg ,1,,Aardappel. groente. fruit/Stamppot aardappelen,,11352,1.84,,,1 kg,1.84,,,https://static.ah.nl/static/product/AHI_434d50373330333434_1_LowRes_JPG.JPG
wi806/ah,NL ah,AH Worteltjes extra fijn 340 g ,1,,Soepen. conserven. sauzen. smaakmakers/Wortelen (conserven),,11124,1.823529412,,,340 g,0.62,,,https://static.ah.nl/static/product/AHI_434d50323132373631_1_LowRes_JPG.JPG
wi230821,NL ah,AH Boeren donker volkoren half per stuk ,1,,Bakkerij/Volkoren brood (dagvers),,18075,1.818181818,,385.00 g,per stuk,0.7,,,https://static.ah.nl/static/product/AHI_43545236313838323731_1_LowRes_JPG.JPG
wi217088,NL ah,AH Bakaardappeltjes 600 g ,1,,Aardappel. groente. fruit/Aardappelpartjes (vers),,11352,1.816666667,,,600 g,1.09,,,https://static.ah.nl/static/product/AHI_434d50313239363833_2_LowRes_JPG.JPG
wi368020,NL ah,AH Vezelrijke havermout fijne vlokken 450 g ,1,,Ontbijtgranen. broodbeleg. tussendoor/Havermout (regular),,08120,1.8,,,450 g,0.81,,,https://static.ah.nl/static/product/AHI_434d50323136333935_4_LowRes_JPG.JPG
wi368021,NL ah,AH Vezelrijke havermout grove vlokken 450 g ,1,,Ontbijtgranen. broodbeleg. tussendoor/Havermout (regular),,08120,1.8,,,450 g,0.81,,,https://static.ah.nl/static/product/AHI_434d50323136333835_4_LowRes_JPG.JPG
wi428669,NL ah,AH Cyprus 2 kg ,1,,Aardappel. groente. fruit/Hele aardappel - speciale smaak,,11352,1.795,,,2 kg,3.59,,,https://static.ah.nl/static/product/AHI_43545236353533323331_1_LowRes_JPG.JPG
LIDL Tha,NL LIDL,Thai Rice,1,,Rijst,,20452,1.79,,,1000,1.79,,,
wi94763/,NL ah,AH Doyenne du comice (handperen) 6 stuks ,1,,Aardappel. groente. fruit/Peren zoet en aromatisch,,09252,1.79,,,6 stuks,2.42,,,https://static.ah.nl/static/product/AHI_434d50303230323438_1_LowRes_JPG.JPG
wi209828,NL ah,Arla Lactofree halfvolle melk 1 l ,1,,Zuivel. eieren/Lactosevrije halfvolle melk,,01175,1.79,,,1 l,1.79,,,https://static.ah.nl/static/product/AHI_434d50323535353437_1_LowRes_JPG.JPG
wi441160,NL ah,Miras Gekookte kikkererwten 800 g ,1,,Aardappel. groente. fruit/Kikkererwten (conserven),,16056,1.7875,,,800 g,1.43,,,https://static.ahold.com/cmgtcontent/media//001994100/000/001994194_001_441160_708.jpg
wi56757/,NL ah,AH BASIC Ananasstukjes 567 g ,1,,Aardappel. groente. fruit/Ananas (conserven),,09266,1.781305115,,,567 g,1.01,,,https://static.ah.nl/static/product/AHI_434d50313232343632_1_LowRes_JPG.JPG
wi225665,NL ah,Arla Biologische halfvolle melk 500 ml ,1,,Zuivel. eieren/Halfvolle melk (vers),,01175,1.78,,,500 ml,0.89,,,https://static.ahold.com/cmgtcontent/media//001121100/000/001121196_002_225665_708.jpg
wi63685/,NL ah,AH Rodekool met appel deelblokjes 450 g ,1,,Aardappel. groente. fruit/Rode kool (diepvries),,11112,1.755555556,,,450 g,0.79,,,https://static.ah.nl/static/product/AHI_434d50313732323739_2_LowRes_JPG.JPG
wi207507,NL ah,Hak Sperziebonen fijn gebroken 675 g ,1,,Aardappel. groente. fruit/Sperziebonen (conserven),,11052,1.748148148,,,675 g,1.18,,,https://static.ahold.com/cmgtcontent/media//001975700/000/001975750_002_207507_708.jpg
168411BL,NL jumbo,Jumbo 10 Schijven Ananas op Siroop 567g,1,,Thema's,,09266,1.746031746,,,567 g,0.99,,,https://static-images.jumbo.com/product_images/168411BLK-1_720x720.png
wi67694/,NL ah,AH BASIC Ananasschijven op siroop 567 g ,1,,Aardappel. groente. fruit/Ananas (conserven),,09266,1.746031746,,,567 g,0.99,,,https://static.ah.nl/static/product/AHI_434d50313036303936_1_LowRes_JPG.JPG
wi419485,NL ah,Honig Macaroni normaal 700 g ,1,,Pasta. rijst. internationale keuken/Macaroni,,20420,1.742857143,,,700 g,1.22,,,https://static.ah.nl/static/product/AHI_434d50363534393932_1_LowRes_JPG.JPG
wi419484,NL ah,Honig Macaroni vlugkokend 700 g ,1,,Pasta. rijst. internationale keuken/Macaroni,,20420,1.742857143,,,700 g,1.22,,,https://static.ahold.com/cmgtcontent/media//001800300/000/001800368_001_419484_708.jpg
wi61915/,NL ah,AH Biologisch Macaroni grande 500 g ,1,,Pasta. rijst. internationale keuken/Macaroni,,20420,1.74,,,500 g,0.87,,,https://static.ah.nl/static/product/AHI_434d50323134383137_1_LowRes_JPG.JPG
wi421641,NL ah,AH Witte rijst 1000 g ,1,,Pasta. rijst. internationale keuken/Witte rijst,,20452,1.74,,,1000 g,1.74,,,https://static.ah.nl/static/product/AHI_434d5031303636373135_1_LowRes_JPG.JPG
wi106579,NL ah,AH Gieser wildeman stoofperen 1 kg ,1,,Aardappel. groente. fruit/Stoofpeertjes,,09252,1.74,,,1 kg,1.74,,,https://static.ah.nl/static/product/AHI_434d50323632333833_1_LowRes_JPG.JPG
wi124191,NL ah,AH Witte snelkook rijst voordeel 1 kg ,1,,Pasta. rijst. internationale keuken/Witte rijst,,20452,1.74,,,1 kg,1.74,,,https://static.ah.nl/static/product/AHI_434d50313433313736_3_LowRes_JPG.JPG
wi202222,NL ah,Duru Bulgur grof 1 kg ,1,,Pasta. rijst. internationale keuken/Bulgur,,20012,1.74,,,1 kg,1.74,,,https://static.ahold.com/cmgtcontent/media//001894300/000/001894388_003_202222_708.jpg
wi445525,NL ah,AH Zaanse grof volk heel 800 g ,1,,Bakkerij/Volkoren brood (dagvers),,18075,1.7375,,,800 g,1.39,,,https://static.ah.nl/static/product/AHI_43545236313837363935_1_LowRes_JPG.JPG
wi39144/,NL ah,AH Worteltjes extra fijn 660 g ,1,,Soepen. conserven. sauzen. smaakmakers/Wortelen (conserven),,11124,1.727272727,,,660 g,1.14,,,https://static.ah.nl/static/product/AHI_434d50323132373636_1_LowRes_JPG.JPG
wi62836/,NL ah,AH Bladspinazie à la crème deelblokjes 450 g ,1,,Aardappel. groente. fruit/Spinazie (diepvries),,11457,1.711111111,,,450 g,0.77,,,https://static.ah.nl/static/product/AHI_434d50313937353631_1_LowRes_JPG.JPG
wi234270,NL ah,Peren voordeelpakket 16 stuks ,1,,Aardappel. groente. fruit/Peren zoet en aromatisch,,09252,1.71,,,16 stuks,5.13,,,https://static.ah.nl/static/product/AHI_434d5036363938353330_2_LowRes_JPG.JPG
wi198412,NL ah,Valle del sole Popcorn maïs 900 g ,1,,Soepen. conserven. sauzen. smaakmakers/Mais (gedroogd),,11167,1.7,,,900 g,1.53,,,https://static.ahold.com/cmgtcontent/media//001264200/000/001264210_001_198412_708.jpg
wi67907/,NL ah,AH Kleine krieltjes 500 g ,1,,Aardappel. groente. fruit/Krieltjes - geschild,,11352,1.7,,,500 g,0.85,,,https://static.ah.nl/static/product/AHI_434d50303038373335_2_LowRes_JPG.JPG
wi213334,NL ah,Arla Lactofree halfvolle melk houdbaar 1 l ,1,,Zuivel. eieren/Lactosevrije halfvolle melk,,01175,1.7,,,1 l,1.7,,,https://static.ahold.com/cmgtcontent/media//001539100/000/001539122_001_213334_708.jpg
wi58169/,NL ah,AH Biologisch Volkoren spaghetti 500 g ,1,,Pasta. rijst. internationale keuken/Spaghetti (houdbaar),,20420,1.7,,,500 g,0.85,,,https://static.ah.nl/static/product/AHI_434d50323034353630_1_LowRes_JPG.JPG
wi129681,NL ah,AH Hutspot 1 kg ,1,,Aardappel. groente. fruit/Hutspot groente,,11124,1.69,,1000.00 g,1 kg,1.69,,,https://static.ah.nl/static/product/AHI_434d50303138333135_4_LowRes_JPG.JPG
wi216237,NL ah,De Zaanse Hoeve Yoghurt Griekse stijl 1 kg ,1,,Zuivel. eieren/Griekse yoghurt naturel,,01287,1.69,,,1 kg,1.69,,,https://static.ah.nl/static/product/AHI_434d50313535313836_2_LowRes_JPG.JPG
wi407959,NL ah,De Zaanse Hoeve Yoghurt Griekse stijl 2% vet 1 kg ,1,,Zuivel. eieren/Griekse yoghurt naturel,,01287,1.69,,,1 kg,1.69,,,https://static.ahold.com/cmgtcontent/media//001695500/000/001695554_001_407959_708.jpg
wi235083,NL ah,AH Handsinaasappel los 1 kg ,1,,Aardappel. groente. fruit/Verse sinaasappels,,09206,1.68,,,1 kg,1.68,,,https://static.ah.nl/static/product/AHI_434d50303434303439_1_LowRes_JPG.JPG
102886ZK,NL jumbo,Duru Bulgur Tarwe Grof 1000g,1,,Aardappel. rijst. pasta,,20012,1.66,,,1000 g,1.66,,,https://static-images.jumbo.com/product_images/102886ZK-1_720x720.png
wi438220,NL ah,AH Boerderijzuivel Volle yoghurt 1 l ,1,,Zuivel. eieren/Volle yoghurt,,01118,1.64,,,1 l,1.64,,,https://static.ah.nl/static/product/AHI_4b525436303032353332_2_LowRes_JPG.JPG
wi233527,NL ah,Den Eelder Boeren volle yoghurt 1 l ,1,,Zuivel. eieren/Volle yoghurt,,01118,1.64,,,1 l,1.64,,,https://static.ah.nl/static/product/AHI_434d5035333133313533_1_LowRes_JPG.JPG
wi159760,NL ah,AH Biologisch Spaghetti 500 g ,1,,Pasta. rijst. internationale keuken/Spaghetti (houdbaar),,20420,1.62,,,500 g,0.81,,,https://static.ah.nl/static/product/AHI_434d50323034353631_1_LowRes_JPG.JPG
wi117839,NL ah,AH Fries roggebrood wikkel 500 g ,1,,Bakkerij/Roggebrood (dagvers),,18053,1.62,,,500 g,0.81,,,https://static.ah.nl/static/product/AHI_434d50303430323535_2_LowRes_JPG.JPG
wi200969,NL ah,Van der Meulen Roggebrood zemelrijk 500 g ,1,,Bakkerij/Roggebrood (dagvers),,18053,1.62,,,500 g,0.81,,,https://static.ahold.com/cmgtcontent/media//001537200/000/001537200_001_200969_708.jpg
wi382563,NL ah,AH Friszoete rode kool met appeltjes 750 g ,1,,Aardappel. groente. fruit/Rode kool (diepvries),,11112,1.613333333,,,750 g,1.21,,,https://static.ah.nl/static/product/AHI_434d50323532393631_1_LowRes_JPG.JPG
wi231537,NL ah,AH Les Pains bastille volkoren half per stuk ,1,,Bakkerij/Volkoren brood (ovenvers),,18075,1.6,,525.00 g,per stuk,0.84,,,https://static.ah.nl/static/product/AHI_43545236363939373932_1_LowRes_JPG.JPG
173601ST,NL jumbo,The Greenery Conference Peren 1000g,1,,Fruit,,09252,1.59,,,1000 g,1.59,,,https://static-images.jumbo.com/product_images/173601STK-2_720x720.png
wi419846,NL ah,Arla Biologisch volle yoghurt 1 l ,1,,Zuivel. eieren/Volle yoghurt,,01118,1.59,,,1 l,1.59,,,https://static.ah.nl/static/product/AHI_434d5036303332363539_1_LowRes_JPG.JPG
wi165408,NL ah,AH Biologisch Winterpeen 1 kg ,1,,Aardappel. groente. fruit/Winterpeen,,11124,1.59,,,1 kg,1.59,,,https://static.ah.nl/static/product/AHI_434d50313731383637_2_LowRes_JPG.JPG
wi383655,NL ah,AH Conference peren 1 kg ,1,,Aardappel. groente. fruit/Peren zoet en aromatisch,,09252,1.59,,,1 kg,1.59,,,https://static.ah.nl/static/product/AHI_43545236323036373332_1_LowRes_JPG.JPG
102944ZK,NL jumbo,Nuh'un Ankara Couscous 500g,1,,Aardappel. rijst. pasta,,20028,1.58,,,500 g,0.79,,,https://static-images.jumbo.com/product_images/102944ZK-1_720x720.png
wi39695/,NL ah,AH BASIC Sperziebonen gebroken 450 g ,1,,Aardappel. groente. fruit/Sperziebonen (diepvries),,11052,1.577777778,,,450 g,0.71,,,https://static.ah.nl/static/product/AHI_434d5037343734373634_1_LowRes_JPG.JPG
166368BL,NL jumbo,El Greco Halve Perziken op Lichte Siroop 820g,1,,Fruit,,09236,1.573170732,,,820 g,1.29,,,https://static-images.jumbo.com/product_images/166368BLK-1_720x720.png
wi195635,NL ah,AH BASIC Halve perziken op siroop 820 g ,1,,Aardappel. groente. fruit/Perziken (conserven),,09236,1.573170732,,,820 g,1.29,,,https://static.ah.nl/static/product/AHI_434d50313036313035_1_LowRes_JPG.JPG
wi96511/,NL ah,AH Verse Vlaamse friet 700 g ,1,,Aardappel. groente. fruit/Aardappelfriet (vers),,11352,1.557142857,,,700 g,1.09,,,https://static.ah.nl/static/product/AHI_434d50303133373936_3_LowRes_JPG.JPG
wi428668,NL ah,AH Friese Borger 2 kg ,1,,Aardappel. groente. fruit/Hele aardappel - speciale smaak,,11352,1.545,,,2 kg,3.09,,,https://static.ah.nl/static/product/AHI_434d5034343430383937_4_LowRes_JPG.JPG
wi198330,NL ah,Ankara Makarnasi spaghetti 500 g ,1,,Pasta. rijst. internationale keuken/Spaghetti (houdbaar),,20420,1.54,,,500 g,0.77,,,https://static.ah.nl/static/product/AHI_434d50303235383636_1_LowRes_JPG.JPG
wi198335,NL ah,Ankara Makarnasi tel sehriye 500 g ,1,,Pasta. rijst. internationale keuken/Turkse pasta,,20420,1.54,,,500 g,0.77,,,https://static.ah.nl/static/product/AHI_434d50303235383732_1_LowRes_JPG.JPG
wi198141,NL ah,Valle del sole Chick peas 400 g ,1,,Aardappel. groente. fruit/Kikkererwten (conserven),,16056,1.525,,,400 g,0.61,,,https://static.ah.nl/static/product/AHI_434d50303432323137_1_LowRes_JPG.JPG
wi62028/,NL ah,AH Spaghetti 500 g ,1,,Pasta. rijst. internationale keuken/Spaghetti (houdbaar),,20420,1.52,,,500 g,0.76,,,https://static.ah.nl/static/product/AHI_434d50323330343836_1_LowRes_JPG.JPG
wi198690,NL ah,Krieltjes 600 g ,1,,Aardappel. groente. fruit/Krieltjes - geschild,,11352,1.5,,,600 g,0.9,,,https://static.ah.nl/static/product/AHI_434d50303435333932_2_LowRes_JPG.JPG
wi155600,NL ah,AH Schijfjes naturel 500 g ,1,,Aardappel. groente. fruit/Aardappelschijfjes (vers),,11352,1.5,,,500 g,0.75,,,https://static.ah.nl/static/product/AHI_434d50303038373637_2_LowRes_JPG.JPG
wi108672,NL ah,AH Biologisch Iets kruimige aardappelen 3 kg ,1,,Aardappel. groente. fruit/Aardappel iets kruimig - met schil,,11352,1.496666667,,,3 kg,4.49,,,https://static.ah.nl/static/product/AHI_434d50313936373137_2_LowRes_JPG.JPG
wi238140,NL ah,AH Biologisch Vastkokende aardappelen 3 kg ,1,,Aardappel. groente. fruit/Aardappel vastkokend - met schil,,11352,1.496666667,,,3 kg,4.49,,,https://static.ah.nl/static/product/AHI_434d50313937363733_3_LowRes_JPG.JPG
wi127700,NL ah,AH Perssinaasappelen doos 14 kg ,1,,Aardappel. groente. fruit/Verse sinaasappels,,09206,1.468571429,,,14 kg,20.56,,,https://static.ah.nl/static/product/AHI_434d50303637393234_2_LowRes_JPG.JPG
wi197393,NL ah,Bananen zak 5 stuks ,1,,Aardappel. groente. fruit/Bananen,,09040,1.46,,,5 stuks,1.15,,,https://static.ah.nl/static/product/AHI_434d50313233383731_3_LowRes_JPG.JPG
wi822/ah,NL ah,AH Sperziebonen fijn gebroken 700 g ,1,,Aardappel. groente. fruit/Sperziebonen (conserven),,11052,1.457142857,,,700 g,1.02,,,https://static.ah.nl/static/product/AHI_434d50303131303534_3_LowRes_JPG.JPG
138904ZK,NL jumbo,Valle Del Sole Chick Peas 400g,1,,Groente,,16056,1.45,,,400 g,0.58,,,https://static-images.jumbo.com/product_images/138904ZK-1_720x720.png
wi67896/,NL ah,AH Handsinaasappelen medium 2 kg ,1,,Aardappel. groente. fruit/Verse sinaasappels,,09206,1.445,,,2 kg,2.89,,,https://static.ah.nl/static/product/AHI_434d50303138333139_3_LowRes_JPG.JPG
wi101159,NL ah,AH Biologisch Uien 750 g ,1,,Aardappel. groente. fruit/Gele uien,,11282,1.44,,,750 g,1.08,,,https://static.ah.nl/static/product/AHI_434d50313832333534_3_LowRes_JPG.JPG
wi223177,NL ah,Soubry Macaroni kort 375 g ,1,,Pasta. rijst. internationale keuken/Macaroni,,20420,1.44,,,375 g,0.54,,,https://static.ah.nl/static/product/AHI_434d5033383037383336_1_LowRes_JPG.JPG
wi39116/,NL ah,AH Sperziebonen fijn heel 800 g ,1,,Aardappel. groente. fruit/Sperziebonen (conserven),,11052,1.4375,,,800 g,1.15,,,https://static.ah.nl/static/product/AHI_434d50303438303634_1_LowRes_JPG.JPG
94841DS,NL jumbo,Jumbo Vezelrijke Zilvervliesrijst Voordeelverpakking 1kg,1,,Koken. soepen. maaltijden,,20041,1.43,,,1000 g,1.43,,,https://static-images.jumbo.com/product_images/180120190024_94841DS-1_720x720.png
wi202049,NL ah,AH Frietaardappelen 3 kg ,1,,Aardappel. groente. fruit/Aardappel iets kruimig - met schil,,11352,1.43,,,3 kg,4.29,,,https://static.ah.nl/static/product/AHI_434d50303233343539_3_LowRes_JPG.JPG
wi96049/,NL ah,AH Iets kruimige aardappelen 3 kg ,1,,Aardappel. groente. fruit/Aardappel iets kruimig - met schil,,11352,1.43,,,3 kg,4.29,,,https://static.ah.nl/static/product/AHI_434d50303232323938_3_LowRes_JPG.JPG
wi115055,NL ah,AH Roodschillige aardappelen 3 kg ,1,,Aardappel. groente. fruit/Aardappel iets kruimig - met schil,,11352,1.43,,,3 kg,4.29,,,https://static.ah.nl/static/product/AHI_434d50303239383835_3_LowRes_JPG.JPG
wi428674,NL ah,AH Stamppotaardappelen 3 kg ,1,,Aardappel. groente. fruit/Stamppot aardappelen,,11352,1.43,,,3 kg,4.29,,,https://static.ah.nl/static/product/AHI_434d5034343731343038_2_LowRes_JPG.JPG
wi96050/,NL ah,AH Vastkokende aardappelen 3 kg ,1,,Aardappel. groente. fruit/Aardappel vastkokend - met schil,,11352,1.43,,,3 kg,4.29,,,https://static.ah.nl/static/product/AHI_434d50303434303639_4_LowRes_JPG.JPG
wi1557/c,NL ah,Campina Biologisch volle yoghurt 1 l ,1,,Zuivel. eieren/Volle yoghurt,,01118,1.43,,,1 l,1.43,,,https://static.ah.nl/static/product/AHI_434d50323634373435_2_LowRes_JPG.JPG
wi162513,NL ah,AH BASIC Zilvervliesrijst 1 kg ,1,,Pasta. rijst. internationale keuken/Zilvervlies rijst,,20041,1.43,,,1 kg,1.43,,,https://static.ah.nl/static/product/AHI_434d50313232343631_1_LowRes_JPG.JPG
wi421621,NL ah,AH Macaroni volkoren 500 g ,1,,Pasta. rijst. internationale keuken/Macaroni,,20420,1.42,,,500 g,0.71,,,https://static.ah.nl/static/product/AHI_434d5031313432353337_2_LowRes_JPG.JPG
wi943/ah,NL ah,AH Vlugkokende spaghetti 500 g ,1,,Pasta. rijst. internationale keuken/Spaghetti (houdbaar),,20420,1.42,,,500 g,0.71,,,https://static.ah.nl/static/product/AHI_434d50323330383437_1_LowRes_JPG.JPG
wi96271/,NL ah,AH Perssinaasappelen 2 kg ,1,,Aardappel. groente. fruit/Verse sinaasappels,,09206,1.415,,,2 kg,2.83,,,https://static.ah.nl/static/product/AHI_43545236373731333734_1_LowRes_JPG.JPG
wi223176,NL ah,Soubry Capellini 375 g ,1,,Pasta. rijst. internationale keuken/Spaghetti (houdbaar),,20420,1.413333333,,,375 g,0.53,,,https://static.ah.nl/static/product/AHI_434d5031373336323639_1_LowRes_JPG.JPG
wi168925,NL ah,Arla Biologische halfvolle melk 1 l ,1,,Zuivel. eieren/Halfvolle melk (vers),,01175,1.39,,,1 l,1.39,,,https://static.ah.nl/static/product/AHI_434d5037303236373635_1_LowRes_JPG.JPG
wi209789,NL ah,Arla Biologische halfvolle melk. houdbaar 1 l ,1,,Zuivel. eieren/Halfvolle melk (vers),,01175,1.39,,,1 l,1.39,,,https://static.ahold.com/cmgtcontent/media//001539000/000/001539066_001_209789_708.jpg
wi184761,NL ah,Campina Biologisch halfvolle melk 1 l ,1,,Zuivel. eieren/Halfvolle melk (vers),,01175,1.39,,,1 l,1.39,,,https://static.ah.nl/static/product/AHI_434d5035363036343034_1_LowRes_JPG.JPG
wi439146,NL ah,AH Rode uien 1 kg ,1,,Aardappel. groente. fruit/Rode uien,,11282,1.39,,,1 kg,1.39,,,https://static.ah.nl/static/product/AHI_43545236313134323131_1_LowRes_JPG.JPG
wi380191,NL ah,AH Verse frieten 1 kg ,1,,Aardappel. groente. fruit/Aardappelfriet (vers),,11352,1.39,,,1 kg,1.39,,,https://static.ah.nl/static/product/AHI_434d50323334353432_1_LowRes_JPG.JPG
wi103587,NL ah,AH Boerenvolkoren sesam heel per stuk ,1,,Bakkerij/Volkoren brood (dagvers),,18075,1.38961039,,770.00 g,per stuk,1.07,,,https://static.ahold.com/cmgtcontent/media//002092500/000/002092584_003_103587_708.jpg
wi389106,NL ah,AH Biologisch Halfvolle melk 500 ml ,1,,Zuivel. eieren/Halfvolle melk (vers),,01175,1.38,,,500 ml,0.69,,,https://static.ah.nl/static/product/AHI_434d50323530383733_1_LowRes_JPG.JPG
wi197574,NL ah,AH BASIC Witte rijst snelkokend 400 g ,1,,Pasta. rijst. internationale keuken/Witte rijst,,20452,1.375,,,400 g,0.55,,,https://static.ah.nl/static/product/AHI_434d50313232343534_1_LowRes_JPG.JPG
wi120368,NL ah,AH Macaroni vlugkokend 500 g ,1,,Pasta. rijst. internationale keuken/Macaroni,,20420,1.36,,,500 g,0.68,,,https://static.ah.nl/static/product/AHI_434d5033343638343531_2_LowRes_JPG.JPG
wi55682/,NL ah,AH Boerenvolkoren sesam half per stuk ,1,,Bakkerij/Volkoren brood (dagvers),,18075,1.350649351,,385.00 g,per stuk,0.52,,,https://static.ah.nl/static/product/AHI_43545236313838323635_1_LowRes_JPG.JPG
wi159536,NL ah,AH Witte bonen 800 g ,1,,Aardappel. groente. fruit/Witte bonen (conserven),,11046,1.35,,,800 g,1.08,,,https://static.ah.nl/static/product/AHI_434d50323133353838_1_LowRes_JPG.JPG
wi121577,NL ah,AH Halfvolle melk met extra calcium 1 l ,1,,Zuivel. eieren/Halfvolle melk (vers),,01175,1.35,,,1 l,1.35,,,https://static.ah.nl/static/product/AHI_434d50303239393031_3_LowRes_JPG.JPG
40589NET,NL jumbo,Jumbo Handsinaasappelen 2kg,1,,Fruit,,09206,1.345,,,2 kg,2.69,,,https://static-images.jumbo.com/product_images/40589NET-1_720x720.png
wi223145,NL ah,Soubry Spaghetti fijn 375 g ,1,,Pasta. rijst. internationale keuken/Spaghetti (houdbaar),,20420,1.333333333,,,375 g,0.5,,,https://static.ah.nl/static/product/AHI_434d5033383037383338_1_LowRes_JPG.JPG
wi383464,NL ah,Campina Langlekker calcium plus halfvolle melk 1 l ,1,,Zuivel. eieren/Halfvolle melk (houdbaar),,01175,1.33,,,1 l,1.33,,,https://static.ahold.com/cmgtcontent/media//001442800/000/001442830_003_383464_708.jpg
203675PO,NL jumbo,Jumbo Witte Bonen 680g,1,,Groente,,11046,1.308823529,,,680 g,0.89,,,https://static-images.jumbo.com/product_images/010920180308_203675POT-1_720x720.png
wi195521,NL ah,AH BASIC Sperziebonen 680 g ,1,,Aardappel. groente. fruit/Sperziebonen (conserven),,11052,1.308823529,,,680 g,0.89,,,https://static.ah.nl/static/product/AHI_434d50313232343737_1_LowRes_JPG.JPG
wi195518,NL ah,AH BASIC Worteltjes fijn 680 g ,1,,Soepen. conserven. sauzen. smaakmakers/Wortelen (conserven),,11124,1.308823529,,,680 g,0.89,,,https://static.ah.nl/static/product/AHI_434d50313230323835_1_LowRes_JPG.JPG
wi48712/,NL ah,AH Zaans volkoren half per stuk ,1,,Bakkerij/Volkoren brood (dagvers),,18075,1.298701299,,385.00 g,per stuk,0.5,,,https://static.ah.nl/static/product/AHI_43545236313838323638_1_LowRes_JPG.JPG
wi208300,NL ah,Campina Halfvolle melk 1 l ,1,,Zuivel. eieren/Halfvolle melk (vers),,01175,1.29,,,1 l,1.29,,,https://static.ah.nl/static/product/AHI_43545236323532303037_1_LowRes_JPG.JPG
wi221096,NL ah,Campina Yoghurt 1 l ,1,,Zuivel. eieren/Volle yoghurt,,01118,1.29,,,1 l,1.29,,,https://static.ah.nl/static/product/AHI_434d50363534313134_1_LowRes_JPG.JPG
wi4083/a,NL ah,AH Middelgrote uien 1 kg ,1,,Aardappel. groente. fruit/Gele uien,,11282,1.29,,,1 kg,1.29,,,https://static.ah.nl/static/product/AHI_434d5033323432363435_1_LowRes_JPG.JPG
wi840/ah,NL ah,AH Hollandse bruine bonen 800 g ,1,,Aardappel. groente. fruit/Bruine bonen (conserven),,16027,1.275,,,800 g,1.02,,,https://static.ah.nl/static/product/AHI_434d50323132373333_1_LowRes_JPG.JPG
wi39136/,NL ah,AH Witte bonen in tomatensaus 800 g ,1,,Aardappel. groente. fruit/Witte bonen (conserven),,11046,1.275,,,800 g,1.02,,,https://static.ah.nl/static/product/AHI_434d50323132373337_1_LowRes_JPG.JPG
wi198140,NL ah,Valle del sole Chick peas 800 g ,1,,Aardappel. groente. fruit/Kikkererwten (conserven),,16056,1.275,,,800 g,1.02,,,https://static.ah.nl/static/product/AHI_434d50303432323038_1_LowRes_JPG.JPG
wi439822,NL ah,"AH Casino volkoren heel							 per stuk ",1,,Bakkerij/Volkoren brood (dagvers),,18075,1.25974026,,770.00 g,per stuk,0.97,,,https://static.ahold.com/cmgtcontent/media//002092600/000/002092610_002_439822_708.jpg
39778STK,NL jumbo,Jumbo Fijn Volkoren Heel,1,,Brood. cereals. beleg,,18075,1.25,,800.00 g,0,1,,,https://static-images.jumbo.com/product_images/310120190024_39778STK-1_720x720.png
wi39234,NL ah,AH BASIC Tomaten blokjes 400 g ,1,,Pasta. rijst. internationale keuken/Tomatenblokjes (conserven),,11529,1.225,,,400 g,0.49,,,https://static.ah.nl/static/product/AHI_434d50303734333030_1_LowRes_JPG.JPG
94842DS,NL jumbo,Jumbo Droge Witte Rijst Voordeel 1kg,1,,Koken. soepen. maaltijden,,20452,1.22,,,1000 g,1.22,,,https://static-images.jumbo.com/product_images/180120190030_94842DS-1_720x720.png
wi375757,NL ah,AH BASIC Penne 500 g ,1,,Pasta. rijst. internationale keuken/Penne,,20420,1.22,,,500 g,0.61,,,https://static.ah.nl/static/product/AHI_434d50323237353334_2_LowRes_JPG.JPG
wi448314,NL ah,AH Lactosevrije halfvolle melk 1 l ,1,,Zuivel. eieren/Lactosevrije halfvolle melk,,01175,1.22,,,1 l,1.22,,,https://static.ah.nl/static/product/AHI_434d50303133313731_4_LowRes_JPG.JPG
wi383468,NL ah,Campina Langlekker halfvolle melk 1 l ,1,,Zuivel. eieren/Halfvolle melk (houdbaar),,01175,1.22,,,1 l,1.22,,,https://static.ah.nl/static/product/AHI_434d5033373730343435_1_LowRes_JPG.JPG
wi233382,NL ah,AH Stevig grof volkoren half per stuk ,1,,Bakkerij/Volkoren brood (ovenvers),,18075,1.2125,,800.00 g,per stuk,0.97,,,https://static.ah.nl/static/product/AHI_434d50323231343533_1_LowRes_JPG.JPG
wi48711,NL ah,AH Zaans volkoren heel per stuk ,1,,Bakkerij/Volkoren brood (dagvers),,18075,1.181818182,,770.00 g,per stuk,0.91,,,https://static.ahold.com/cmgtcontent/media//002092700/000/002092780_002_48711_708.jpg
wi173809,NL ah,AH Keukenzout met jodium. bus 500 g ,1,,Soepen. conserven. sauzen. smaakmakers/Zout (diverse),,02047,1.18,,,500 g,0.59,,,https://static.ah.nl/static/product/AHI_434d50313530383934_1_LowRes_JPG.JPG
207395ZK,NL jumbo,Dole Bananen 1 kg à 5 Stuks,1,,Fruit,,09040,1.15,,,1 kg,1.15,,,https://static-images.jumbo.com/product_images/110120191030_207395ZK-1_720x720.png
wi447614,NL ah,AH Halfvolle melk fles 1 l ,1,,Zuivel. eieren/Halfvolle melk (vers),,01175,1.15,,,1 l,1.15,,,https://static.ah.nl/static/product/AHI_43545236323035383135_1_LowRes_JPG.JPG
wi197297,NL ah,AH Perssinaasappelen voordeel 4 kg ,1,,Aardappel. groente. fruit/Verse sinaasappels,,09206,1.1475,,,4 kg,4.59,,,https://static.ah.nl/static/product/AHI_434d50303135373138_4_LowRes_JPG.JPG
wi375755,NL ah,AH BASIC Spaghetti 500 g ,1,,Pasta. rijst. internationale keuken/Spaghetti (houdbaar),,20420,1.14,,,500 g,0.57,,,https://static.ah.nl/static/product/AHI_43545236313736363438_1_LowRes_JPG.JPG
wi162712,NL ah,AH Spinazie à la crème 750 g ,1,,Aardappel. groente. fruit/Spinazie (diepvries),,11457,1.133333333,,,750 g,0.85,,,https://static.ah.nl/static/product/AHI_434d50313738333537_1_LowRes_JPG.JPG
wi127728,NL ah,AH Aardappelen iets kruimig voordeel 5 kg ,1,,Aardappel. groente. fruit/Aardappel iets kruimig - met schil,,11352,1.13,,,5 kg,5.65,,,https://static.ah.nl/static/product/AHI_434d50303233343335_2_LowRes_JPG.JPG
wi169400,NL ah,AH Vastkokende aardappelen voordeel 5 kg ,1,,Aardappel. groente. fruit/Aardappel vastkokend - met schil,,11352,1.13,,,5 kg,5.65,,,https://static.ah.nl/static/product/AHI_434d50303233343337_2_LowRes_JPG.JPG
wi160581,NL ah,AH BASIC Sperziebonen gebroken 800 g ,1,,Aardappel. groente. fruit/Sperziebonen (conserven),,11052,1.1125,,,800 g,0.89,,,https://static.ah.nl/static/product/AHI_434d50313730313535_1_LowRes_JPG.JPG
wi61007,NL ah,AH Biologisch Halfvolle melk 1 l ,1,,Zuivel. eieren/Halfvolle melk (vers),,01175,1.09,,,1 l,1.09,,,https://static.ah.nl/static/product/AHI_434d50303834383732_2_LowRes_JPG.JPG
wi108655,NL ah,AH Biologisch Halfvolle melk houdbaar 1 l ,1,,Zuivel. eieren/Halfvolle melk (vers),,01175,1.09,,,1 l,1.09,,,https://static.ah.nl/static/product/AHI_434d50303933323730_2_LowRes_JPG.JPG
wi60746,NL ah,AH Biologisch Volle yoghurt 1 l ,1,,Zuivel. eieren/Volle yoghurt,,01118,1.09,,,1 l,1.09,,,https://static.ah.nl/static/product/AHI_434d50303036343834_2_LowRes_JPG.JPG
wi450534,NL ah,AH Halfvolle melk 1 l ,1,,Zuivel. eieren/Halfvolle melk (houdbaar),,01175,1.09,,,1 l,1.09,,,https://static.ah.nl/static/product/AHI_43545236343331353930_1_LowRes_JPG.JPG
wi234251,NL ah,AH Buitenbeentjes appels zak 1 kg ,1,,Aardappel. groente. fruit/Appels zoet,,09003,1.09,,,1 kg,1.09,,,https://static.ah.nl/static/product/AHI_43545236313735363035_1_LowRes_JPG.JPG
wi380542,NL ah,AH Buitenbeentjes peren 1 kg ,1,,Aardappel. groente. fruit/Peren zoet en aromatisch,,09252,1.09,,,1 kg,1.09,,,https://static.ah.nl/static/product/AHI_434d50323537323531_2_LowRes_JPG.JPG
wi777,NL ah,AH Spinazie à la crème 450 g ,1,,Aardappel. groente. fruit/Spinazie (diepvries),,11457,1.088888889,,,450 g,0.49,,,https://static.ah.nl/static/product/AHI_434d50313937353731_1_LowRes_JPG.JPG
wi769,NL ah,AH Spinazie fijn gesneden 450 g ,1,,Aardappel. groente. fruit/Spinazie (diepvries),,11457,1.088888889,,,450 g,0.49,,,https://static.ah.nl/static/product/AHI_434d50313937353537_1_LowRes_JPG.JPG
wi162711,NL ah,AH Spinazie fijn gesneden 750 g ,1,,Aardappel. groente. fruit/Spinazie (diepvries),,11457,1.08,,,750 g,0.81,,,https://static.ah.nl/static/product/AHI_434d50313937353535_1_LowRes_JPG.JPG
157701PA,NL jumbo,Jumbo Biologische Verse Magere Yoghurt 1L,1,,Zuivel. eieren. boter,,01118,1.06,,,1 l,1.06,,,https://static-images.jumbo.com/product_images/157701PAK-1_720x720.png
wi1525,NL ah,AH Halfvolle melk 1 l ,1,,Zuivel. eieren/Halfvolle melk (vers),,01175,1.05,,,1 l,1.05,,,https://static.ah.nl/static/product/AHI_434d50323438373034_1_LowRes_JPG.JPG
wi1518,NL ah,AH Volle yoghurt 1 l ,1,,Zuivel. eieren/Volle yoghurt,,01118,1.05,,,1 l,1.05,,,https://static.ah.nl/static/product/AHI_434d50323230363438_3_LowRes_JPG.JPG
wi841,NL ah,AH Hollandse bruine bonen 680 g ,1,,Aardappel. groente. fruit/Bruine bonen (conserven),,16027,1.044117647,,,680 g,0.71,,,https://static.ah.nl/static/product/AHI_434d50323132373637_1_LowRes_JPG.JPG
157698PA,NL jumbo,Jumbo Biologische Verse Karnemelk 1L,1,,Zuivel. eieren. boter,,01175,1.04,,,1 l,1.04,,,https://static-images.jumbo.com/product_images/157698PAK-1_720x720.png
wi178124,NL ah,AH Spinazie à la crème voordeel 1 kg ,1,,Aardappel. groente. fruit/Spinazie (diepvries),,11457,1.02,,,1 kg,1.02,,,https://static.ah.nl/static/product/AHI_434d50313937313034_1_LowRes_JPG.JPG
wi178125,NL ah,AH Spinazie voordeel 1 kg ,1,,Aardappel. groente. fruit/Spinazie (diepvries),,11457,1.02,,,1 kg,1.02,,,https://static.ah.nl/static/product/AHI_434d50313937313037_1_LowRes_JPG.JPG
wi48405/,NL ah,AH BASIC Havermout 500 g ,1,,Ontbijtgranen. broodbeleg. tussendoor/Havermout (regular),,08120,1,,,500 g,0.5,,,https://static.ah.nl/static/product/AHI_434d50303935333238_3_LowRes_JPG.JPG
wi443661,NL ah,AH Biologisch Halfvolle melk 2 l ,1,,Zuivel. eieren/Halfvolle melk (vers),,01175,1,,,2 l,2,,,https://static.ah.nl/static/product/AHI_43545236313431373636_1_LowRes_JPG.JPG
wi231533,NL ah,AH Tijger volkoren half per stuk ,1,,Bakkerij/Volkoren brood (ovenvers),,18075,0.987012987,,770.00 g,per stuk,0.76,,,https://static.ah.nl/static/product/AHI_43545236363939373934_1_LowRes_JPG.JPG
wi195523,NL ah,AH BASIC Rode kool 680 g ,1,,Aardappel. groente. fruit/Rode kool (conserven),,11112,0.985294118,,,680 g,0.67,,,https://static.ah.nl/static/product/AHI_434d50313336363831_1_LowRes_JPG.JPG
wi451195,NL ah,De Zaanse Hoeve Halfvolle melk 500 ml ,1,,Zuivel. eieren/Halfvolle melk (vers),,01175,0.98,,,500 ml,0.49,,,https://static.ah.nl/static/product/AHI_43545236373732343431_1_LowRes_JPG.JPG
wi375756,NL ah,AH BASIC Macaroni 500 g ,1,,Pasta. rijst. internationale keuken/Macaroni,,20420,0.98,,,500 g,0.49,,,https://static.ah.nl/static/product/AHI_434d50323237353337_2_LowRes_JPG.JPG
wi112356,NL ah,AH Volkoren heel per stuk ,1,,Bakkerij/Volkoren brood (dagvers),,18075,0.961038961,,770.00 g,per stuk,0.74,,,https://static.ahold.com/cmgtcontent/media//002092500/000/002092592_002_112356_708.jpg
wi162967,NL ah,AH BASIC Roggebrood gesneden 500 g ,1,,Bakkerij/Roggebrood (dagvers),,18053,0.92,,,500 g,0.46,,,https://static.ah.nl/static/product/AHI_434d50303937303532_1_LowRes_JPG.JPG
wi98974,NL ah,AH Boerenkool deelblokjes 450 g ,1,,Diepvries/Boerenkool (diepvries),,11233,0.888888889,,,450 g,0.4,,,https://static.ah.nl/static/product/AHI_434d50313937313035_1_LowRes_JPG.JPG
wi3891,NL ah,AH BASIC Halfvolle melk houdbaar 1 l ,1,,Zuivel. eieren/Halfvolle melk (houdbaar),,01175,0.87,,,1 l,0.87,,,https://static.ah.nl/static/product/AHI_434d50303034363332_3_LowRes_JPG.JPG
wi450478,NL ah,Bonelac Halfvolle melk gesteriliseerd 1 l ,1,,Zuivel. eieren/Halfvolle melk (houdbaar),,01175,0.87,,,1 l,0.87,,,https://static.ahold.com/cmgtcontent/media//002078900/000/002078948_003_450478_708.jpg
wi118132,NL ah,De Zaanse Hoeve Volle yoghurt 1 l ,1,,Zuivel. eieren/Volle yoghurt,,01118,0.87,,,1 l,0.87,,,https://static.ah.nl/static/product/AHI_434d50303338373239_1_LowRes_JPG.JPG
wi189479,NL ah,AH Uien voordeel 2 kg ,1,,Aardappel. groente. fruit/Gele uien,,11282,0.845,,,2 kg,1.69,,,https://static.ah.nl/static/product/AHI_434d50303230313033_3_LowRes_JPG.JPG
wi231265,NL ah,AH BASIC Aardappelen iets kruimig 5 kg ,1,,Aardappel. groente. fruit/Aardappel iets kruimig - met schil,,11352,0.818,,,5 kg,4.09,,,https://static.ah.nl/static/product/AHI_434d50313835343436_2_LowRes_JPG.JPG
wi195643,NL ah,De Zaanse Hoeve Halfvolle melk 1 l ,1,,Zuivel. eieren/Halfvolle melk (vers),,01175,0.81,,,1 l,0.81,,,https://static.ah.nl/static/product/AHI_434d50303338353636_1_LowRes_JPG.JPG
wi382980,NL ah,AH BASIC Vastkokende aardappel 5 kg ,1,,Aardappel. groente. fruit/Aardappel vastkokend - met schil,,11352,0.798,,,5 kg,3.99,,,https://static.ah.nl/static/product/AHI_434d50323335383438_1_LowRes_JPG.JPG
wi200486,NL ah,De Zaanse Hoeve Halfvolle melk 2 l ,1,,Zuivel. eieren/Halfvolle melk (vers),,01175,0.765,,,2 l,1.53,,,https://static.ah.nl/static/product/AHI_434d50303232333432_2_LowRes_JPG.JPG
wi194541,NL ah,Van der Meulen Roggebrood (per stuk verpakt) 5 stuks ,1,,Bakkerij/Roggebrood (dagvers),,18053,0.696,,250,5 stuks,0.87,,,https://static.ahold.com/cmgtcontent/media//001537200/000/001537206_001_194541_708.jpg
wi398609,NL ah,AH Buitenbeentjes winterpeen 2 kg ,1,,Aardappel. groente. fruit/Winterpeen,,11124,0.595,,,2 kg,1.19,,,https://static.ah.nl/static/product/AHI_434d50323632393939_2_LowRes_JPG.JPG
wi4076,NL ah,AH Winterpeen verpakt voordeel 1 kg ,1,,Aardappel. groente. fruit/Winterpeen,,11124,0.59,,,1 kg,0.59,,,https://static.ah.nl/static/product/AHI_43545236383434333435_1_LowRes_JPG.JPG
wi202014,NL ah,AH BASIC Zout 500 g ,1,,Soepen. conserven. sauzen. smaakmakers/Zout (diverse),,02047,0.56,,,500 g,0.28,,,https://static.ah.nl/static/product/AHI_434d50303832353137_1_LowRes_JPG.JPG
wi3372,NL ah,AH Keukenzout met jodium 1 kg ,1,,Soepen. conserven. sauzen. smaakmakers/Zout (diverse),,02047,0.36,,,1 kg,0.36,,,https://static.ah.nl/static/product/AHI_434d50313439343531_1_LowRes_JPG.JPG
Water,House,Tap water,1,,Water,,14411,0,,,,0,,,
