id,supplier,name,active,description,category,timestamp,usda_id,price_per_kg,price_per_unit,usda_weight_unit_g,weight_net_g,price_total,organic,origin,picture
wi415609/ah-pijnboompitten,NL ah,AH Pijnboompitten 150 g,1,,Soepen. conserven. sauzen. smaakmakers/Pijnboompit,0,12147,32.87,,0,150,4.93,,,https://static.ah.nl/static/product/AHI_43545236323332383034_1_LowRes_JPG.JPG
wi238973/ah-selderij,NL ah,AH Selderij 40 g,1,,Soepen. conserven. sauzen. smaakmakers/Selderij (v,0,11143,25,,0,40,1,,,https://static.ah.nl/static/product/AHI_434d50323032313734_3_LowRes_JPG.JPG
wi397901/ah-ongebrande-pecannoten,NL ah,AH Ongebrande pecannoten 200 g,1,,Snoep. koek. chips/Pecannoten (zakje),0,12142,19.5,,0,200,3.9,,,https://static.ah.nl/static/product/AHI_434d50323539303630_1_LowRes_JPG.JPG
wi170806/ah-gerookte-forelfilet,NL ah,AH Gerookte forelfilet 125 g,1,,Vlees. kip. vis. vega/Gerookte forel. haring,0,15240,16.4,,0,125,2.05,,,https://static.ah.nl/static/product/AHI_434d50303035363831_5_LowRes_JPG.JPG
73205PAK,NL jumbo,Jumbo Verse Vijgen 4 Stuks,1,,Fruit,0,09089,14.95,,200,0,2.99,,,https://static-images.jumbo.com/product_images/121120182205_73205PAK-1_720x720.png
wi397907/ah-ongebrande-walnoten,NL ah,AH Ongebrande walnoten 200 g,1,,Snoep. koek. chips/Walnoten (zakje),0,12155,14.25,,0,200,2.85,,,https://static.ah.nl/static/product/AHI_434d50323539303532_1_LowRes_JPG.JPG
190616ZK,NL jumbo,Jumbo Sojaboontjes Groente Variatie 175g,1,,Groente,0,16108,13.71,,0,175,2.4,,,https://static-images.jumbo.com/product_images/190616ZK-1_720x720.png
wi161587/ah-basic-pistachenoten,NL ah,AH BASIC Pistachenoten 250 g,1,,Snoep. koek. chips/Pistachenoten (zakje),0,12151,13.56,,0,250,3.39,,,https://static.ah.nl/static/product/AHI_434d50303739323436_1_LowRes_JPG.JPG
wi443649/ah-kalkoenfiletreepjes,NL ah,AH Kalkoenfiletreepjes 200 g,1,,Vlees. kip. vis. vega/Kalkoen - reepjes,0,05167,12.85,,0,200,2.57,,,https://static.ah.nl/static/product/AHI_43545236313436323539_1_LowRes_JPG.JPG
wi407281/ah-basic-cashew-noten-gezouten,NL ah,AH BASIC Cashew noten gezouten 500 g,1,,Snoep. koek. chips/Cashewnoten (groot),0,12087,11.96,,0,500,5.98,,,https://static.ah.nl/static/product/AHI_434d50323739373035_1_LowRes_JPG.JPG
wi183607/princes-makreel-in-zonnebloemolie,NL ah,Princes Makreel in zonnebloemolie 125 g,1,,Soepen. conserven. sauzen. smaakmakers/Makreel (co,0,15046,11.92,,0,125,1.49,,,https://static.ah.nl/static/product/AHI_434d50323733303332_1_LowRes_JPG.JPG
wi168091/ah-veldsla-voordeel,NL ah,AH Veldsla voordeel 150 g,1,,Aardappel. groente. fruit/Veldsla,0,11253,11.6,,0,150,1.74,,,https://static.ah.nl/static/product/AHI_434d50323130303637_2_LowRes_JPG.JPG
wi402036/ah-garnalen-in-bladerdeeg-met-chilisaus,NL ah,AH Garnalen in bladerdeeg met chilisaus 300 g,1,,Vlees. kip. vis. vega/Garnalen (diepvries),0,15270,10.23,,0,300,3.07,,,https://static.ah.nl/static/product/AHI_434d50323638303533_1_LowRes_JPG.JPG
wi183621/princes-roze-zalm,NL ah,Princes Roze zalm 418 g,1,,Soepen. conserven. sauzen. smaakmakers/Zalm (conse,0,15077,10.02,,0,418,4.19,,,https://static.ah.nl/static/product/AHI_434d5031303536313034_1_LowRes_JPG.JPG
wi401788/ah-zongerijpt-watermeloen,NL ah,AH Zongerijpt watermeloen 200 g,1,,Aardappel. groente. fruit/Watermeloen (stukjes),0,09326,10,,0,200,2,,,https://static.ah.nl/static/product/AHI_434d5035363537323830_1_LowRes_JPG.JPG
wi447160/ah-zongerijpt-watermeloen,NL ah,AH Zongerijpt watermeloen 225 g,1,,Aardappel. groente. fruit/Watermeloen (stukjes),0,09326,10,,0,225,2.25,,,https://static.ah.nl/static/product/AHI_43545236313839323431_2_LowRes_JPG.JPG
wi447161/ah-zongerijpt-watermeloen,NL ah,AH Zongerijpt watermeloen 300 g,1,,Aardappel. groente. fruit/Watermeloen (stukjes),0,09326,10,,0,300,3,,,https://static.ah.nl/static/product/AHI_43545236313839323432_2_LowRes_JPG.JPG
wi451669/statesman-tonijn-stukken-in-olijfolie-160,NL ah,Statesman Tonijn stukken in olijfolie 160gr 160 g,1,,Soepen. conserven. sauzen. smaakmakers/Tonijn in o,0,15119,9.94,,0,160,1.59,,,
wi169609/ah-varkenslever,NL ah,AH Varkenslever 150 g,1,,Kaas. vleeswaren. delicatessen/Varkenslever (voorv,0,10110,9.93,,0,150,1.49,,,https://static.ah.nl/static/product/AHI_434d50303430313538_4_LowRes_JPG.JPG
wi426106/ah-gezouten-amandelen,NL ah,AH Gezouten amandelen 150 g,1,,Snoep. koek. chips/Amandelen (zakje),0,12061,9.93,,0,150,1.49,,,https://static.ah.nl/static/product/AHI_434d5031393436383138_1_LowRes_JPG.JPG
200558ZK,NL jumbo,Jumbo Wilde Zalmfilet 500g,1,,Diepvries,0,15076,9.78,,0,500,4.89,,,https://static-images.jumbo.com/product_images/200558ZK-1_720x720.png
wi792/ah-kabeljauw,NL ah,AH Kabeljauw 400 g,1,,Vlees. kip. vis. vega/Kabeljauw (diepvries),0,15015,8.23,,0,400,3.29,,,https://static.ah.nl/static/product/AHI_434d50303035343036_1_LowRes_JPG.JPG
wi435952/ah-biologisch-drie-kleuren-quinoa,NL ah,AH Biologisch Drie kleuren quinoa 300 g,1,,Pasta. rijst. internationale keuken/Quinoa,0,20035,8.2,,0,300,2.46,,,https://static.ah.nl/static/product/AHI_434d5037333731393434_2_LowRes_JPG.JPG
wi435956/ah-biologisch-quinoa,NL ah,AH Biologisch Quinoa 300 g,1,,Pasta. rijst. internationale keuken/Quinoa,0,20035,8.2,,0,300,2.46,,,https://static.ah.nl/static/product/AHI_434d5037333732313538_2_LowRes_JPG.JPG
wi435954/ah-biologisch-quinoa-plus,NL ah,AH Biologisch Quinoa plus 300 g,1,,Pasta. rijst. internationale keuken/Quinoa,0,20035,8.2,,0,300,2.46,,,https://static.ah.nl/static/product/AHI_434d5037333731393438_2_LowRes_JPG.JPG
wi435969/ah-biologisch-rijst-en-quinoa,NL ah,AH Biologisch Rijst & quinoa 300 g,1,,Pasta. rijst. internationale keuken/Quinoa,0,20035,8.2,,0,300,2.46,,,https://static.ah.nl/static/product/AHI_434d5037333731373336_2_LowRes_JPG.JPG
wi435967/ah-witte-quinoa,NL ah,AH Witte quinoa 300 g,1,,Pasta. rijst. internationale keuken/Quinoa,0,20035,8.2,,0,300,2.46,,,https://static.ah.nl/static/product/AHI_434d5037343734373735_1_LowRes_JPG.JPG
wi124431/ah-hazelnoten,NL ah,AH Hazelnoten 250 g,1,,Snoep. koek. chips/Hazelnoten (zakje),0,12120,8.2,,0,250,2.05,,,https://static.ah.nl/static/product/AHI_434d50303434303630_3_LowRes_JPG.JPG
wi129225/ah-kipfilet,NL ah,AH Kipfilet 1000 g,1,,Vlees. kip. vis. vega/Kipfilet - stuk,0,05314,7.5,,0,1000,7.5,,,https://static.ah.nl/static/product/AHI_434d50303134363932_7_LowRes_JPG.JPG
wi426528/cap-gunpowder-china-green-tea,NL ah,CAP Gunpowder China green tea 250 g,1,,Frisdrank. sappen. koffie. thee/Groene thee,0,14190,7.36,,0,250,1.84,,,https://static.ahold.com/cmgtcontent/media//001894400/000/001894408_003_426528_708.jpg
wi434477/bonduelle-edamame-bonen,NL ah,Bonduelle Edamame bonen 300 g,1,,Aardappel. groente. fruit/Peultjes (diepvries),0,11211,6.83,,0,300,2.05,,,https://static.ahold.com/cmgtcontent/media//001913300/000/001913312_002_434477_708.jpg
wi415004/la-morena-mais-tortilla-wraps,NL ah,La Morena Mais tortilla wraps 8 stuks,1,,Pasta. rijst. internationale keuken/Tortilla. wrap,0,18363,6.41,,0,8,2.05,,,https://static.ah.nl/static/product/AHI_434d50353939353635_1_LowRes_JPG.JPG
wi168502/ah-biologisch-eieren,NL ah,AH Biologisch Eieren 10 stuks,1,,Zuivel. eieren/Vrije uitloop eieren,0,01123,6.36,,58,10,3.69,,,https://static.ah.nl/static/product/AHI_434d50323030303439_2_LowRes_JPG.JPG
wi226267/statesman-sardines-in-zonnebloemolie,NL ah,Statesman Sardines in zonnebloemolie 120 g,1,,Soepen. conserven. sauzen. smaakmakers/Sardines (c,0,15088,6.25,,0,120,0.75,,,https://static.ahold.com/cmgtcontent/media//001127300/000/001127360_001_226267_708.jpg
wi188608/aarts-hollandse-asperges,NL ah,Aarts Hollandse asperges 530 g,1,,Aardappel. groente. fruit/Asperges (conserven),0,11011,6.11,,0,530,3.24,,,https://static.ahold.com/cmgtcontent/media//001316000/000/001316054_002_188608_708.jpg
204202STK,NL jumbo,Jumbo Cranberry's Vriesvers 250g,1,,Diepvries,0,09078,5.96,,0,250,1.49,,,https://static-images.jumbo.com/product_images/150920180622_204202STK-1_720x720.png
73206PAK,NL jumbo,Jumbo Granaatappel 2 Stuks,1,,Fruit,0,09286,5.64,,282,2,3.18,,,https://static-images.jumbo.com/product_images/73206PAK-1_720x720.png
wi162598/ah-basic-olijfolie-extra-vierge,NL ah,AH BASIC Olijfolie extra vierge 1 l,1,,Pasta. rijst. internationale keuken/Extra vierge d,0,04053,4.99,,0,1,4.99,,,https://static.ah.nl/static/product/AHI_434d50313036313237_1_LowRes_JPG.JPG
wi196282/ah-basic-tablet-puur,NL ah,AH BASIC Tablet puur 100 g,1,,Snoep. koek. chips/Pure chocolade,0,19902,4.9,,0,100,0.49,,,https://static.ah.nl/static/product/AHI_434d50303930383537_2_LowRes_JPG.JPG
wi169176/ah-half-om-half-gehakt,NL ah,AH Half om half gehakt 1 kg,1,,Vlees. kip. vis. vega/Gehakt (half-om-half),0,10972,4.59,,0,1,4.59,,,https://static.ah.nl/static/product/AHI_434d50313232363630_2_LowRes_JPG.JPG
wi195912/de-zaanse-hoeve-sour-cream,NL ah,De Zaanse Hoeve Sour cream 125 g,1,,Zuivel. eieren/Zure room,0,01056,4.56,,0,125,0.57,,,https://static.ah.nl/static/product/AHI_434d50303338373038_1_LowRes_JPG.JPG
wi197685/ouwehand-zure-haring-emmer,NL ah,Ouwehand Zure haring emmer 870 g,1,,Soepen. conserven. sauzen. smaakmakers/Haring (con,0,15041,4.49,,0,870,3.91,,,https://static.ah.nl/static/product/AHI_434d50303430313635_1_LowRes_JPG.JPG
wi168153/ah-ijsbergsla-voordeel,NL ah,AH IJsbergsla voordeel 400 g,1,,Aardappel. groente. fruit/IJsbergsla gesneden,0,11252,4.48,,0,400,1.79,,,https://static.ah.nl/static/product/AHI_434d50323038383734_6_LowRes_JPG.JPG
40937BAK,NL jumbo,Jumbo Druiven Rood Pitloos 500g,1,,Fruit,0,09132,4.3,,0,500,2.15,,,https://static-images.jumbo.com/product_images/40937BAK-1_720x720.png
wi111733/ah-kipdrumsticks,NL ah,AH Kipdrumsticks 1 kg,1,,Vlees. kip. vis. vega/Kipdrumsticks,0,05096,4.29,,0,1,4.29,,,https://static.ah.nl/static/product/AHI_434d50323332333831_3_LowRes_JPG.JPG
187039BLK,NL jumbo,Del Monte Mangoschijven op Lichte Siroop 425g,1,,Fruit,0,09176,4.16,,0,425,1.77,,,https://static-images.jumbo.com/product_images/187039BLK-1_720x720.png
wi202662/inproba-gehakte-knoflook,NL ah,Inproba Gehakte knoflook 200 g,1,,Aardappel. groente. fruit/Knoflook (in pot),0,11215,4.15,,0,200,0.83,,,https://static.ahold.com/cmgtcontent/media//001216100/000/001216132_001_202662_708.jpg
212959ZK,NL jumbo,Jumbo Blauwe Bessen 750g,1,,Diepvries,0,09050,3.99,,0,750,2.99,,,https://static-images.jumbo.com/product_images/010920180911_212959ZK-1_720x720.png
212958ZK,NL jumbo,Jumbo Frambozen 750g,1,,Diepvries,0,09302,3.99,,0,750,2.99,,,https://static-images.jumbo.com/product_images/200920180701_212958ZK-1_720x720.png
wi222036/planta-boter-smeerbaar-classic,NL ah,Planta Boter smeerbaar classic 500 g,1,,Zuivel. eieren/Ongezouten roomboter,0,01145,3.9,,0,500,1.95,,,https://static.ahold.com/cmgtcontent/media//001095900/000/001095972_001_222036_708.jpg
wi426846/ah-buitenbeentjes-avocado-s,NL ah,AH Buitenbeentjes avocado's 1 kg,1,,Aardappel. groente. fruit/Avocado,0,09037,3.79,,0,1,3.79,,,https://static.ah.nl/static/product/AHI_434d5038363831343935_1_LowRes_JPG.JPG
wi103191/ah-mosselgroente,NL ah,AH Mosselgroente 400 g,1,,Vlees. kip. vis. vega/Mosselgroente,0,15164,3.73,,0,400,1.49,,,https://static.ah.nl/static/product/AHI_434d50313631343834_5_LowRes_JPG.JPG
45946STK,NL jumbo,Jumbo Galia Meloen,1,,Fruit,0,09181,3.61,,552,1,1.99,,,https://static-images.jumbo.com/product_images/45946STK-1_720x720.png
45946STK,NL jumbo,Jumbo Galia Meloen,1,,Fruit,0,09184,3.61,,552,1,1.99,,,https://static-images.jumbo.com/product_images/45946STK-1_720x720.png
wi413751/ah-pindakaas-naturel,NL ah,AH Pindakaas naturel 500 g,1,,Ontbijtgranen. broodbeleg. tussendoor/Pindakaas,0,16398,3.38,,0,500,1.69,,,https://static.ah.nl/static/product/AHI_434d50363030343933_1_LowRes_JPG.JPG
wi400492/white-lady-naturel-zuivelspread,NL ah,White Lady Naturel zuivelspread 300 g,1,,Ontbijtgranen. broodbeleg. tussendoor/Roomkaas (na,0,01017,3.33,,0,300,1,,,https://static.ahold.com/cmgtcontent/media//001641700/000/001641790_001_400492_708.jpg
wi439390/white-lady-zuivelspread-light,NL ah,White Lady Zuivelspread light 300 g,1,,Ontbijtgranen. broodbeleg. tussendoor/Roomkaas lig,0,01017,3.33,,0,300,1,,,https://static.ahold.com/cmgtcontent/media//001974700/000/001974738_001_439390_708.jpg
194462ZK,NL jumbo,Jordans Honey Baked Granola Simply Crunchy 750g,1,,Brood. cereals. beleg,0,08037,3.31,,0,750,2.48,,,https://static-images.jumbo.com/product_images/194462ZK-1_720x720.png
wi106240/ah-zwarte-olijven-zonder-pit,NL ah,AH Zwarte olijven zonder pit 240 g,1,,Pasta. rijst. internationale keuken/Zwarte olijven,0,09193,3.29,,0,240,0.79,,,https://static.ah.nl/static/product/AHI_434d50303036363435_1_LowRes_JPG.JPG
wi408050/carbonell-zwarte-olijven-zonder-pit,NL ah,Carbonell Zwarte olijven zonder pit 340 g,1,,Pasta. rijst. internationale keuken/Zwarte olijven,0,09193,3.29,,0,340,1.12,,,https://static.ahold.com/cmgtcontent/media//001674400/000/001674488_001_408050_708.jpg
wi182979/del-monte-halve-abrikozen-op-lichte-siroo,NL ah,Del Monte Halve abrikozen op lichte siroop 825 g,1,,Aardappel. groente. fruit/Abrikozen (conserven),0,09021,3.18,,0,825,2.62,,,https://static.ahold.com/cmgtcontent/media//001641100/000/001641110_002_182979_708.jpg
155557BAK,NL jumbo,Zespri Green Kiwifruit 1000g,1,,Fruit,0,09148,2.89,,0,1000,2.89,,,https://static-images.jumbo.com/product_images/155557BAK-1_720x720.png
wi129242/ah-kiwi-groen,NL ah,AH Kiwi groen 1 kg,1,,Aardappel. groente. fruit/Kiwi,0,09148,2.89,,0,1,2.89,,,https://static.ah.nl/static/product/AHI_43545236383333323434_1_LowRes_JPG.JPG
wi121475/ah-bloemkoolroosjes-voordeel,NL ah,AH Bloemkoolroosjes voordeel 1 kg,1,,Aardappel. groente. fruit/Bloemkool (diepvries),0,11135,2.86,,0,1,2.86,,,https://static.ah.nl/static/product/AHI_434d50313937303937_1_LowRes_JPG.JPG
wi400467/ah-cottage-cheese,NL ah,AH Cottage cheese 200 g,1,,Kaas. vleeswaren. delicatessen/Huttenkase,0,01012,2.85,,0,200,0.57,,,https://static.ah.nl/static/product/AHI_434d50323732343536_1_LowRes_JPG.JPG
192983STK,NL jumbo,Jumbo Naturel Tofu 500g,1,,Vlees. vis. vegetarisch,0,16427,2.8,,0,500,1.4,,,https://static-images.jumbo.com/product_images/192983STK-1_720x720.png
wi197706/ah-basic-gezouten-pinda-s,NL ah,AH BASIC Gezouten pinda's 500 g,1,,Snoep. koek. chips/Pinda's (groot),0,16087,2.78,,0,500,1.39,,,https://static.ah.nl/static/product/AHI_434d50313034303531_1_LowRes_JPG.JPG
wi97884/ardo-paprika-reepjes,NL ah,Ardo Paprika reepjes 1 kg,1,,Aardappel. groente. fruit/Paprika mix (diepvries),0,11333,2.78,,0,1,2.78,,,https://static.ahold.com/cmgtcontent/media//001537100/000/001537172_001_97884_708.jpg
wi173410/ah-tortilla-wraps-voordeel,NL ah,AH Tortilla wraps voordeel 12 stuks,1,,Pasta. rijst. internationale keuken/Tortilla. wrap,0,18450,2.62,,0,12,1.94,,,https://static.ah.nl/static/product/AHI_434d50313537393731_2_LowRes_JPG.JPG
wi379122/ah-kaki,NL ah,AH Kaki 1 kg,1,,Aardappel. groente. fruit/Verse kakifruit,0,09265,2.58,,0,1,2.58,,,https://static.ah.nl/static/product/AHI_434d50323238333936_5_LowRes_JPG.JPG
wi195541/ah-lima-bonen,NL ah,AH Lima bonen 400 g,1,,Soepen. conserven. sauzen. smaakmakers/Limabonen,0,16074,2.55,,0,400,1.02,,,https://static.ah.nl/static/product/AHI_434d50303234373037_2_LowRes_JPG.JPG
wi39028/ah-aardbeien-op-lichte-siroop,NL ah,AH Aardbeien op lichte siroop 400 g,1,,Soepen. conserven. sauzen. smaakmakers/Aardbeien (,0,09316,2.55,,0,400,1.02,,,https://static.ah.nl/static/product/AHI_434d50323132373539_1_LowRes_JPG.JPG
wi439393/goldsteig-mozzarella-light-8-5,NL ah,Goldsteig Mozzarella light 8.5% 220 g,1,,Kaas. vleeswaren. delicatessen/Mozzarella,0,43597,2.5,,0,220,0.55,,,https://static.ahold.com/cmgtcontent/media//001974700/000/001974740_001_439393_708.jpg
wi426004/ah-biologisch-flespompoen,NL ah,AH Biologisch Flespompoen 1 kg,1,,Aardappel. groente. fruit/Pompoen (vers),0,11477,2.49,,0,1,2.49,,,https://static.ahold.com/cmgtcontent/media//001864000/000/001864040_001_426004_708.jpg
wi161413/ah-basic-champignons-gesneden,NL ah,AH BASIC Champignons gesneden 400 g,1,,Soepen. conserven. sauzen. smaakmakers/Champignons,0,11260,2.35,,0,400,0.94,,,https://static.ah.nl/static/product/AHI_434d50303832363133_1_LowRes_JPG.JPG
wi202663/inproba-satesaus-kant-en-klaar,NL ah,Inproba SatÃ©saus kant-en-klaar 420 g,1,,Pasta. rijst. internationale keuken/SatÃ©saus,0,27059,2.33,,0,420,0.98,,,https://static.ahold.com/cmgtcontent/media//001216100/000/001216134_004_202663_708.jpg
wi436588/ah-buitenbeentjes-komkommer,NL ah,AH Buitenbeentjes komkommer 1 kg,1,,Aardappel. groente. fruit/Komkommer (vers),0,11205,2.29,,0,1,2.29,,,https://static.ah.nl/static/product/AHI_434d5036333137343431_3_LowRes_JPG.JPG
wi198416/valle-del-sole-zwarte-oogbonen,NL ah,Valle del sole Zwarte oogbonen 900 g,1,,Soepen. conserven. sauzen. smaakmakers/Zwarte bone,0,16016, $2.28 ,,0,900,2.05,,,https://static.ahold.com/cmgtcontent/media//001264200/000/001264258_001_198416_708.jpg
wi428663/ah-zoete-aardappel,NL ah,AH Zoete aardappel 2 kg,1,,Aardappel. groente. fruit/Zoete aardappelen,0,11507,2.25,,0,2,4.49,,,https://static.ah.nl/static/product/AHI_434d5034343430383936_2_LowRes_JPG.JPG
wi218641/ah-biologisch-gekookte-rode-bieten,NL ah,AH Biologisch Gekookte rode bieten 500 g,1,,Aardappel. groente. fruit/Bietjes (vers),0,11080,2.18,,0,500,1.09,,,https://static.ah.nl/static/product/AHI_434d50313332343638_2_LowRes_JPG.JPG
wi429053/ah-hamburgers,NL ah,AH Hamburgers 840 g,1,,Diepvries/Burgers (diepvries),0,23572,2.08,,0,840,1.75,,,https://static.ah.nl/static/product/AHI_434d5034363838313830_3_LowRes_JPG.JPG
wi121473/ah-broccoliroosjes-voordeel,NL ah,AH Broccoliroosjes voordeel 1 kg,1,,Aardappel. groente. fruit/Broccoli (diepvries),0,11090,2.05,,0,1,2.05,,,https://static.ah.nl/static/product/AHI_434d50313937353632_1_LowRes_JPG.JPG
wi60607/ah-groene-olijven-zonder-pit,NL ah,AH Groene olijven zonder pit 240 g,1,,Pasta. rijst. internationale keuken/Groene olijven,0,09195,2.04,,0,240,0.49,,,https://static.ah.nl/static/product/AHI_434d50383934373439_1_LowRes_JPG.JPG
wi198414/valle-del-sole-groene-linzen,NL ah,Valle del sole Groene linzen 900 g,1,,Soepen. conserven. sauzen. smaakmakers/Linzen (ged,0,16070,1.99,,0,900,1.79,,,https://static.ahold.com/cmgtcontent/media//001264200/000/001264214_001_198414_708.jpg
71499NET,NL jumbo,Jumbo Mandarijnen 1kg,1,,Fruit,0,09218,1.99,,0,1,1.99,,,https://static-images.jumbo.com/product_images/71499NET-1_720x720.png
wi445070/ah-buitenbeentjes-spruitjes,NL ah,AH Buitenbeentjes spruitjes 1 kg,1,,Aardappel. groente. fruit/Spruiten (vers),0,11098,1.99,,0,1,1.99,,,https://static.ah.nl/static/product/AHI_4354525f36303732353036_3_LowRes_JPG.JPG
168411BLK,NL jumbo,Jumbo 10 Schijven Ananas op Siroop 567g,1,,Thema's,0,09266,1.75,,0,567,0.99,,,https://static-images.jumbo.com/product_images/168411BLK-1_720x720.png
wi67694/ah-basic-ananasschijven-op-siroop,NL ah,AH BASIC Ananasschijven op siroop 567 g,1,,Aardappel. groente. fruit/Ananas (conserven),0,09266,1.75,,0,567,0.99,,,https://static.ah.nl/static/product/AHI_434d50313036303936_1_LowRes_JPG.JPG
wi198412/valle-del-sole-popcorn-mais,NL ah,Valle del sole Popcorn maÃ¯s 900 g,1,,Soepen. conserven. sauzen. smaakmakers/Mais (gedro,0,11167,1.7,,0,900,1.53,,,https://static.ahold.com/cmgtcontent/media//001264200/000/001264210_001_198412_708.jpg
wi216237/de-zaanse-hoeve-yoghurt-griekse-stijl,NL ah,De Zaanse Hoeve Yoghurt Griekse stijl 1 kg,1,,Zuivel. eieren/Griekse yoghurt naturel,0,01287,1.69,,0,1,1.69,,,https://static.ah.nl/static/product/AHI_434d50313535313836_2_LowRes_JPG.JPG
wi407959/de-zaanse-hoeve-yoghurt-griekse-stijl-2-v,NL ah,De Zaanse Hoeve Yoghurt Griekse stijl 2% vet 1 kg,1,,Zuivel. eieren/Griekse yoghurt naturel,0,01287,1.69,,0,1,1.69,,,https://static.ahold.com/cmgtcontent/media//001695500/000/001695554_001_407959_708.jpg
102886ZK,NL jumbo,Duru Bulgur Tarwe Grof 1000g,1,,Aardappel. rijst. pasta,0,20012,1.66,,0,1000,1.66,,,https://static-images.jumbo.com/product_images/102886ZK-1_720x720.png
102944ZK,NL jumbo,Nuh'un Ankara Couscous 500g,1,,Aardappel. rijst. pasta,0,20028,1.58,,0,500,0.79,,,https://static-images.jumbo.com/product_images/102944ZK-1_720x720.png
166368BLK,NL jumbo,El Greco Halve Perziken op Lichte Siroop 820g,1,,Fruit,0,09236,1.57,,0,820,1.29,,,https://static-images.jumbo.com/product_images/166368BLK-1_720x720.png
wi195635/ah-basic-halve-perziken-op-siroop,NL ah,AH BASIC Halve perziken op siroop 820 g,1,,Aardappel. groente. fruit/Perziken (conserven),0,09236,1.57,,0,820,1.29,,,https://static.ah.nl/static/product/AHI_434d50313036313035_1_LowRes_JPG.JPG
94841DS,NL jumbo,Jumbo Vezelrijke Zilvervliesrijst Voordeelverpakki,1,,Koken. soepen. maaltijden,0,20041,1.43,,0,1000,1.43,,,https://static-images.jumbo.com/product_images/180120190024_94841DS-1_720x720.png
wi162513/ah-basic-zilvervliesrijst,NL ah,AH BASIC Zilvervliesrijst 1 kg,1,,Pasta. rijst. internationale keuken/Zilvervlies ri,0,20041,1.43,,0,1,1.43,,,https://static.ah.nl/static/product/AHI_434d50313232343631_1_LowRes_JPG.JPG
wi198140/valle-del-sole-chick-peas,NL ah,Valle del sole Chick peas 800 g,1,,Aardappel. groente. fruit/Kikkererwten (conserven),0,16056,1.28,,0,800,1.02,,,https://static.ah.nl/static/product/AHI_434d50303432323038_1_LowRes_JPG.JPG
wi39136/ah-witte-bonen-in-tomatensaus,NL ah,AH Witte bonen in tomatensaus 800 g,1,,Aardappel. groente. fruit/Witte bonen (conserven),0,11046,1.28,,0,800,1.02,,,https://static.ah.nl/static/product/AHI_434d50323132373337_1_LowRes_JPG.JPG
wi39234/ah-basic-tomaten-blokjes,NL ah,AH BASIC Tomaten blokjes 400 g,1,,Pasta. rijst. internationale keuken/Tomatenblokjes,0,11529,1.23,,0,400,0.49,,,https://static.ah.nl/static/product/AHI_434d50303734333030_1_LowRes_JPG.JPG
207395ZK,NL jumbo,Dole Bananen 1 kg Ã  5 Stuks,1,,Fruit,0,09040,1.15,,0,1,1.15,,,https://static-images.jumbo.com/product_images/110120191030_207395ZK-1_720x720.png
wi197297/ah-perssinaasappelen-voordeel,NL ah,AH Perssinaasappelen voordeel 4 kg,1,,Aardappel. groente. fruit/Verse sinaasappels,0,09206,1.15,,0,4,4.59,,,https://static.ah.nl/static/product/AHI_434d50303135373138_4_LowRes_JPG.JPG
wi160581/ah-basic-sperziebonen-gebroken,NL ah,AH BASIC Sperziebonen gebroken 800 g,1,,Aardappel. groente. fruit/Sperziebonen (conserven),0,11052,1.11,,0,800,0.89,,,https://static.ah.nl/static/product/AHI_434d50313730313535_1_LowRes_JPG.JPG
wi234251/ah-buitenbeentjes-appels-zak,NL ah,AH Buitenbeentjes appels zak 1 kg,1,,Aardappel. groente. fruit/Appels zoet,0,09003,1.09,,0,1,1.09,,,https://static.ah.nl/static/product/AHI_43545236313735363035_1_LowRes_JPG.JPG
wi380542/ah-buitenbeentjes-peren,NL ah,AH Buitenbeentjes peren 1 kg,1,,Aardappel. groente. fruit/Peren zoet en aromatisch,0,09252,1.09,,0,1,1.09,,,https://static.ah.nl/static/product/AHI_434d50323537323531_2_LowRes_JPG.JPG
wi841/ah-hollandse-bruine-bonen,NL ah,AH Hollandse bruine bonen 680 g,1,,Aardappel. groente. fruit/Bruine bonen (conserven),0,16027,1.04,,0,680,0.71,,,https://static.ah.nl/static/product/AHI_434d50323132373637_1_LowRes_JPG.JPG
wi178124/ah-spinazie-a-la-creme-voordeel,NL ah,AH Spinazie Ã  la crÃ¨me voordeel 1 kg,1,,Aardappel. groente. fruit/Spinazie (diepvries),0,11457,1.02,,0,1,1.02,,,https://static.ah.nl/static/product/AHI_434d50313937313034_1_LowRes_JPG.JPG
wi178125/ah-spinazie-voordeel,NL ah,AH Spinazie voordeel 1 kg,1,,Aardappel. groente. fruit/Spinazie (diepvries),0,11457,1.02,,0,1,1.02,,,https://static.ah.nl/static/product/AHI_434d50313937313037_1_LowRes_JPG.JPG
wi48405/ah-basic-havermout,NL ah,AH BASIC Havermout 500 g,1,,Ontbijtgranen. broodbeleg. tussendoor/Havermout (r,0,08120,1,,0,500,0.5,,,https://static.ah.nl/static/product/AHI_434d50303935333238_3_LowRes_JPG.JPG
wi195523/ah-basic-rode-kool,NL ah,AH BASIC Rode kool 680 g,1,,Aardappel. groente. fruit/Rode kool (conserven),0,11112,0.99,,0,680,0.67,,,https://static.ah.nl/static/product/AHI_434d50313336363831_1_LowRes_JPG.JPG
wi375756/ah-basic-macaroni,NL ah,AH BASIC Macaroni 500 g,1,,Pasta. rijst. internationale keuken/Macaroni,0,20420,0.98,,0,500,0.49,,,https://static.ah.nl/static/product/AHI_434d50323237353337_2_LowRes_JPG.JPG
wi112356/ah-volkoren-heel,NL ah,AH Volkoren heel per stuk,1,,Bakkerij/Volkoren brood (dagvers),0,18075,0.96,,770,0,0.74,,,https://static.ahold.com/cmgtcontent/media//002092500/000/002092592_002_112356_708.jpg
wi162967/ah-basic-roggebrood-gesneden,NL ah,AH BASIC Roggebrood gesneden 500 g,1,,Bakkerij/Roggebrood (dagvers),0,18053,0.92,,0,500,0.46,,,https://static.ah.nl/static/product/AHI_434d50303937303532_1_LowRes_JPG.JPG
94842DS,NL jumbo,Jumbo Droge Witte Rijst Voordeel 1kg,1,,Koken. soepen. maaltijden,0,20452,0.89,,0,1000,1.22,,,https://static-images.jumbo.com/product_images/180120190030_94842DS-1_720x720.png
wi98974/ah-boerenkool-deelblokjes,NL ah,AH Boerenkool deelblokjes 450 g,1,,Diepvries/Boerenkool (diepvries),0,11233,0.89,,0,450,0.4,,,https://static.ah.nl/static/product/AHI_434d50313937313035_1_LowRes_JPG.JPG
wi118132/de-zaanse-hoeve-volle-yoghurt,NL ah,De Zaanse Hoeve Volle yoghurt 1 l,1,,Zuivel. eieren/Volle yoghurt,0,01118,0.87,,0,1,0.87,,,https://static.ah.nl/static/product/AHI_434d50303338373239_1_LowRes_JPG.JPG
wi189479/ah-uien-voordeel,NL ah,AH Uien voordeel 2 kg,1,,Aardappel. groente. fruit/Gele uien,0,11282,0.85,,0,2,1.69,,,https://static.ah.nl/static/product/AHI_434d50303230313033_3_LowRes_JPG.JPG
wi382980/ah-basic-vastkokende-aardappel,NL ah,AH BASIC Vastkokende aardappel 5 kg,1,,Aardappel. groente. fruit/Aardappel vastkokend - m,0,11352,0.8,,0,5,3.99,,,https://static.ah.nl/static/product/AHI_434d50323335383438_1_LowRes_JPG.JPG
wi200486/de-zaanse-hoeve-halfvolle-melk,NL ah,De Zaanse Hoeve Halfvolle melk 2 l,1,,Zuivel. eieren/Halfvolle melk (vers),0,01175,0.77,,0,2,1.53,,,https://static.ah.nl/static/product/AHI_434d50303232333432_2_LowRes_JPG.JPG
wi4076/ah-winterpeen-verpakt-voordeel,NL ah,AH Winterpeen verpakt voordeel 1 kg,1,,Aardappel. groente. fruit/Winterpeen,0,11124,0.59,,0,1,0.59,,,https://static.ah.nl/static/product/AHI_43545236383434333435_1_LowRes_JPG.JPG
wi3372/ah-keukenzout-met-jodium,NL ah,AH Keukenzout met jodium 1 kg,1,,Soepen. conserven. sauzen. smaakmakers/Zout (diver,0,02047,0.36,,0,1,0.36,,,https://static.ah.nl/static/product/AHI_434d50313439343531_1_LowRes_JPG.JPG
